day;timestamp;product;bid_price_1;bid_volume_1;bid_price_2;bid_volume_2;bid_price_3;bid_volume_3;ask_price_1;ask_volume_1;ask_price_2;ask_volume_2;ask_price_3;ask_volume_3;mid_price;profit_and_loss
1;0;SQUID_INK;1835;1;1834;22;;;1837;1;1838;21;;;1836.0;0.0
1;0;PICNIC_BASKET1;58706;1;58705;10;58704;27;58715;1;58716;10;58717;27;58710.5;0.0
1;0;PICNIC_BASKET2;30252;11;30251;27;;;30257;1;30258;37;;;30254.5;0.0
1;0;RAINFOREST_RESIN;9998;3;9996;1;9995;21;10004;1;10005;21;;;10001.0;0.0
1;0;KELP;2032;23;;;;;2035;22;;;;;2033.5;0.0
1;0;CROISSANTS;4274;123;;;;;4276;123;;;;;4275.0;0.0
1;0;JAMS;6541;255;;;;;6543;255;;;;;6542.0;0.0
1;0;DJEMBES;13409;62;;;;;13410;27;13411;35;;;13409.5;0.0
1;100;KELP;2032;26;;;;;2034;5;2035;26;;;2033.0;0.0
1;100;CROISSANTS;4275;48;4274;54;;;4276;102;;;;;4275.5;0.0
1;100;JAMS;6541;224;;;;;6543;224;;;;;6542.0;0.0
1;100;SQUID_INK;1835;26;;;;;1837;5;1839;26;;;1836.0;0.0
1;100;PICNIC_BASKET1;58710;3;58705;19;58704;20;58716;19;58717;20;;;58713.0;0.0
1;100;PICNIC_BASKET2;30257;3;30255;19;30254;20;30261;39;;;;;30259.0;0.0
1;100;RAINFOREST_RESIN;9995;26;;;;;9998;1;10005;26;;;9996.5;0.0
1;100;DJEMBES;13408;67;;;;;13410;67;;;;;13409.0;0.0
1;200;RAINFOREST_RESIN;9996;2;9995;30;;;9998;1;10004;2;10005;30;9997.0;2.0
1;200;DJEMBES;13409;65;;;;;13410;65;;;;;13409.5;0.0
1;200;KELP;2034;1;2032;32;;;2035;32;;;;;2034.5;0.0
1;200;CROISSANTS;4275;62;4274;50;;;4276;112;;;;;4275.5;0.0
1;200;JAMS;6542;50;6541;123;;;6543;50;6544;123;;;6542.5;0.0
1;200;SQUID_INK;1834;1;1832;32;;;1835;32;;;;;1834.5;0.0
1;200;PICNIC_BASKET1;58707;2;58706;13;58705;20;58716;2;58717;13;58718;20;58711.5;0.0
1;200;PICNIC_BASKET2;30256;2;30255;33;;;30261;15;30262;20;;;30258.5;-3.5078125
1;300;DJEMBES;13408;62;;;;;13410;62;;;;;13409.0;0.0
1;300;KELP;2032;27;;;;;2035;28;;;;;2033.5;0.6724853515625
1;300;CROISSANTS;4275;36;4274;73;;;4276;109;;;;;4275.5;0.0
1;300;SQUID_INK;1834;27;;;;;1837;28;;;;;1835.5;11.80078125
1;300;PICNIC_BASKET2;30257;1;30256;33;;;30262;16;30263;18;;;30259.5;-6.671875
1;300;PICNIC_BASKET1;58706;1;58705;15;58704;18;58715;1;58716;15;58717;18;58710.5;0.0
1;300;JAMS;6542;10;6541;236;;;6543;236;;;;;6542.5;0.0
1;300;RAINFOREST_RESIN;9996;1;9995;27;;;9998;1;10004;1;10005;27;9997.0;4.0
1;400;SQUID_INK;1833;30;;;;;1836;25;;;;;1834.5;-22.359375
1;400;PICNIC_BASKET2;30255;16;30254;30;;;30261;46;;;;;30258.0;-2.828125
1;400;PICNIC_BASKET1;58698;16;58697;30;;;58709;16;58710;30;;;58703.5;0.0
1;400;RAINFOREST_RESIN;9995;25;;;;;10005;25;;;;;10000.0;6.0
1;400;DJEMBES;13410;30;13409;38;;;13411;68;;;;;13410.5;0.0
1;400;KELP;2032;30;;;;;2035;25;;;;;2033.5;0.662353515625
1;400;CROISSANTS;4274;107;;;;;4275;55;4276;52;;;4274.5;0.0
1;400;JAMS;6540;173;;;;;6542;173;;;;;6541.0;0.0
1;500;KELP;2032;22;;;;;2035;22;;;;;2033.5;0.6324462890625
1;500;SQUID_INK;1834;22;;;;;1837;22;;;;;1835.5;11.08984375
1;500;PICNIC_BASKET2;30256;34;;;;;30262;14;30263;20;;;30259.0;-7.171875
1;500;PICNIC_BASKET1;58697;14;58696;20;;;58708;34;;;;;58702.5;-110.3125
1;500;CROISSANTS;4274;127;;;;;4275;39;4276;88;;;4274.5;-9.5
1;500;JAMS;6541;88;6540;160;;;6542;88;6543;160;;;6541.5;0.0
1;500;RAINFOREST_RESIN;9995;22;;;;;10005;22;;;;;10000.0;6.0
1;500;DJEMBES;13410;20;13409;37;;;13411;57;;;;;13410.5;-6.40625
1;600;RAINFOREST_RESIN;9995;25;;;;;10005;25;;;;;10000.0;6.0
1;600;DJEMBES;13410;66;;;;;13412;66;;;;;13411.0;-44.625
1;600;KELP;2032;25;;;;;2034;2;2035;25;;;2033.0;0.683349609375
1;600;CROISSANTS;4274;121;;;;;4276;121;;;;;4275.0;1.84375
1;600;JAMS;6541;187;;;;;6543;187;;;;;6542.0;0.0
1;600;SQUID_INK;1832;25;;;;;1834;2;1835;25;;;1833.0;-44.36328125
1;600;PICNIC_BASKET2;30256;37;;;;;30262;14;30263;23;;;30259.0;-6.1328125
1;600;PICNIC_BASKET1;58694;14;58693;23;;;58705;14;58706;23;;;58699.5;-153.4375
1;700;DJEMBES;13411;62;;;;;13412;62;;;;;13411.5;-91.375
1;700;KELP;2032;28;;;;;2035;23;;;;;2033.5;0.683349609375
1;700;SQUID_INK;1835;5;1834;23;;;1838;23;;;;;1836.5;33.0234375
1;700;PICNIC_BASKET2;30250;30;;;;;30256;12;30257;18;;;30253.0;11.0234375
1;700;PICNIC_BASKET1;58687;12;58686;18;;;58698;12;58699;18;;;58692.5;-444.25
1;700;CROISSANTS;4274;141;;;;;4275;141;;;;;4274.5;-62.9375
1;700;JAMS;6542;74;6541;143;;;6543;77;6544;143;;;6542.5;0.0
1;700;RAINFOREST_RESIN;9995;23;;;;;9998;9;10005;23;;;9996.5;6.0
1;800;SQUID_INK;1836;28;;;;;1839;28;;;;;1837.5;71.97265625
1;800;PICNIC_BASKET2;30251;1;30250;38;;;30256;1;30257;38;;;30253.5;-20.0625
1;800;PICNIC_BASKET1;58686;1;58685;10;58684;28;58695;1;58696;10;58697;28;58690.5;-592.25
1;800;RAINFOREST_RESIN;9996;1;9995;27;;;10004;1;10005;27;;;10000.0;24.0
1;800;DJEMBES;13411;60;;;;;13412;28;13413;32;;;13411.5;-100.0625
1;800;KELP;2032;28;;;;;2035;28;;;;;2033.5;0.74365234375
1;800;CROISSANTS;4274;48;4273;69;;;4275;117;;;;;4274.5;-74.78125
1;800;JAMS;6542;69;6541;145;;;6543;69;6544;145;;;6542.5;-32.75
1;900;SQUID_INK;1840;21;;;;;1843;21;;;;;1841.5;36.639892578125
1;900;KELP;2031;21;;;;;2035;21;;;;;2033.0;0.9459228515625
1;900;PICNIC_BASKET2;30253;3;30248;38;;;30255;38;;;;;30254.0;-42.0625
1;900;PICNIC_BASKET1;58697;3;58687;38;;;58698;14;58699;24;;;58697.5;-488.25
1;900;CROISSANTS;4274;56;4273;65;;;4275;121;;;;;4274.5;-83.59375
1;900;JAMS;6542;65;6541;109;;;6543;65;6544;109;;;6542.5;-56.5625
1;900;RAINFOREST_RESIN;9995;21;;;;;10005;21;;;;;10000.0;24.0
1;900;DJEMBES;13412;71;;;;;13413;24;13414;41;;;13412.5;-169.9375
1;1000;RAINFOREST_RESIN;10002;2;9996;2;9995;28;10004;2;10005;28;;;10003.0;24.0
1;1000;DJEMBES;13413;30;13412;48;;;13414;78;;;;;13413.5;-197.75
1;1000;KELP;2032;30;;;;;2035;30;;;;;2033.5;0.753173828125
1;1000;CROISSANTS;4274;40;4273;65;;;4275;105;;;;;4274.5;-66.125
1;1000;JAMS;6543;265;;;;;6545;265;;;;;6544.0;-264.375
1;1000;SQUID_INK;1841;30;;;;;1844;30;;;;;1842.5;-7.84375
1;1000;PICNIC_BASKET2;30256;2;30255;48;;;30261;20;30262;30;;;30258.5;153.625
1;1000;PICNIC_BASKET1;58693;2;58692;18;58691;30;58702;2;58703;18;58704;30;58697.5;-281.75
1;1100;DJEMBES;13413;63;;;;;13414;63;;;;;13413.5;-214.1875
1;1100;SQUID_INK;1840;30;;;;;1843;30;;;;;1841.5;-16.4765625
1;1100;KELP;2032;30;;;;;2035;30;;;;;2033.5;0.7730712890625
1;1100;PICNIC_BASKET2;30252;21;30251;27;;;30257;2;30258;46;;;30254.5;-22.875
1;1100;PICNIC_BASKET1;58687;2;58686;19;58685;27;58696;2;58697;19;58698;27;58691.5;-521.5
1;1100;CROISSANTS;4274;40;4273;87;;;4275;127;;;;;4274.5;-67.5625
1;1100;JAMS;6542;270;;;;;6544;270;;;;;6543.0;-225.0
1;1100;RAINFOREST_RESIN;9996;2;9995;28;;;10004;2;10005;28;;;10000.0;28.0
1;1200;SQUID_INK;1839;29;;;;;1842;29;;;;;1840.5;33.265625
1;1200;PICNIC_BASKET2;30252;1;30251;32;;;30257;1;30258;32;;;30254.5;-28.0
1;1200;PICNIC_BASKET1;58681;1;58680;12;58679;20;58690;1;58691;12;58692;20;58685.5;-774.0
1;1200;RAINFOREST_RESIN;9996;1;9995;28;;;10004;1;10005;28;;;10000.0;28.0
1;1200;DJEMBES;13412;20;13411;36;;;13413;56;;;;;13412.5;-131.125
1;1200;KELP;2031;29;;;;;2035;29;;;;;2033.0;0.88525390625
1;1200;CROISSANTS;4273;117;;;;;4275;117;;;;;4274.0;-94.09375
1;1200;JAMS;6542;80;6541;110;;;6543;80;6544;110;;;6542.5;-16.0
1;1300;SQUID_INK;1840;23;;;;;1843;23;;;;;1841.5;-7.171875
1;1300;KELP;2031;23;;;;;2035;23;;;;;2033.0;0.8240966796875
1;1300;PICNIC_BASKET2;30250;6;30248;5;30245;27;30251;10;30252;17;;;30250.5;-320.0
1;1300;PICNIC_BASKET1;58693;6;58688;5;58683;10;58694;10;58695;17;;;58693.5;-643.5
1;1300;CROISSANTS;4273;126;;;;;4275;126;;;;;4274.0;-95.875
1;1300;JAMS;6542;77;6541;151;;;6543;77;6544;151;;;6542.5;19.25
1;1300;RAINFOREST_RESIN;9995;23;;;;;9998;1;10002;7;10005;23;9996.5;28.0
1;1300;DJEMBES;13412;52;;;;;13414;52;;;;;13413.0;-183.4375
1;1400;RAINFOREST_RESIN;9996;2;9995;24;;;10002;4;10004;2;10005;24;9999.0;30.0
1;1400;DJEMBES;13413;56;;;;;13414;56;;;;;13413.5;-214.1875
1;1400;KELP;2032;2;2031;24;;;2035;26;;;;;2033.5;0.8333740234375
1;1400;JAMS;6542;98;6541;110;;;6543;98;6544;110;;;6542.5;58.25
1;1400;CROISSANTS;4273;158;;;;;4275;158;;;;;4274.0;-89.125
1;1400;SQUID_INK;1841;26;;;;;1844;26;;;;;1842.5;-56.046875
1;1400;PICNIC_BASKET1;58692;2;58691;16;58690;23;58701;2;58702;16;58703;23;58696.5;-350.0
1;1400;PICNIC_BASKET2;30245;2;30244;39;;;30250;18;30251;23;;;30247.5;-389.75
1;1500;DJEMBES;13412;66;;;;;13414;66;;;;;13413.0;-174.375
1;1500;SQUID_INK;1842;30;;;;;1845;31;;;;;1843.5;-112.953125
1;1500;PICNIC_BASKET1;58690;2;58689;16;58688;26;58699;2;58700;16;58701;26;58694.5;-419.75
1;1500;PICNIC_BASKET2;30244;44;;;;;30250;18;30251;26;;;30247.0;-459.75
1;1500;KELP;2032;1;2031;29;;;2035;31;;;;;2033.5;0.783447265625
1;1500;CROISSANTS;4273;125;;;;;4274;56;4275;69;;;4273.5;-109.0625
1;1500;JAMS;6542;69;6541;162;;;6543;69;6544;162;;;6542.5;13.0
1;1500;RAINFOREST_RESIN;9996;2;9995;29;;;10002;7;10004;2;10005;29;9999.0;30.0
1;1600;SQUID_INK;1844;1;1843;23;;;1847;24;;;;;1845.5;-190.09375
1;1600;PICNIC_BASKET1;58688;1;58687;12;58686;29;58697;1;58698;12;58699;29;58692.5;-480.625
1;1600;PICNIC_BASKET2;30246;1;30245;41;;;30251;1;30252;41;;;30248.5;-380.0
1;1600;RAINFOREST_RESIN;9996;1;9995;23;;;10004;1;10005;23;;;10000.0;30.0
1;1600;DJEMBES;13412;70;;;;;13413;70;;;;;13412.5;-152.8125
1;1600;KELP;2032;24;;;;;2035;24;;;;;2033.5;0.6927490234375
1;1600;CROISSANTS;4273;151;;;;;4275;151;;;;;4274.0;-94.0
1;1600;JAMS;6542;89;6541;171;;;6543;89;6544;171;;;6542.5;23.75
1;1700;SQUID_INK;1841;24;;;;;1844;24;;;;;1842.5;-68.046875
1;1700;PICNIC_BASKET1;58688;18;58687;29;;;58699;18;58700;29;;;58693.5;-450.25
1;1700;PICNIC_BASKET2;30245;47;;;;;30251;18;30252;29;;;30248.0;-426.0
1;1700;KELP;2032;24;;;;;2035;24;;;;;2033.5;0.6727294921875
1;1700;CROISSANTS;4274;122;;;;;4275;122;;;;;4274.5;-63.625
1;1700;JAMS;6542;86;6541;139;;;6543;86;6544;139;;;6542.5;21.5
1;1700;RAINFOREST_RESIN;9995;24;;;;;10005;24;;;;;10000.0;30.0
1;1700;DJEMBES;13412;75;;;;;13413;29;13414;46;;;13412.5;-167.9375
1;1800;RAINFOREST_RESIN;9996;2;9995;28;;;10004;2;10005;28;;;10000.0;30.0
1;1800;DJEMBES;13413;15;13412;30;;;13414;45;;;;;13413.5;-190.5625
1;1800;KELP;2032;30;;;;;2035;30;;;;;2033.5;0.7742919921875
1;1800;CROISSANTS;4274;125;;;;;4275;125;;;;;4274.5;-55.9375
1;1800;JAMS;6542;90;6541;161;;;6543;90;6544;161;;;6542.5;61.0
1;1800;SQUID_INK;1842;2;1841;28;;;1845;30;;;;;1843.5;-89.28125
1;1800;PICNIC_BASKET1;58685;17;58684;15;;;58695;2;58696;30;;;58690.0;-574.5
1;1800;PICNIC_BASKET2;30244;17;30243;15;;;30249;2;30250;30;;;30246.5;-553.25
1;1900;DJEMBES;13413;68;;;;;13414;30;13415;38;;;13413.5;-220.375
1;1900;KELP;2032;26;;;;;2035;26;;;;;2033.5;0.7242431640625
1;1900;PICNIC_BASKET1;58687;2;58686;11;58685;30;58696;2;58697;11;58698;30;58691.5;-517.875
1;1900;PICNIC_BASKET2;30243;13;30242;30;;;30249;13;30250;30;;;30246.0;-615.0
1;1900;CROISSANTS;4274;47;4273;55;;;4275;102;;;;;4274.5;-74.0
1;1900;JAMS;6541;173;;;;;6543;173;;;;;6542.0;206.75
1;1900;SQUID_INK;1844;26;;;;;1847;2;1848;24;;;1845.5;-232.4140625
1;1900;RAINFOREST_RESIN;9998;8;9996;2;9995;24;10004;2;10005;24;;;10001.0;30.0
1;2000;KELP;2032;22;;;;;2034;1;2035;22;;;2033.0;0.7032470703125
1;2000;PICNIC_BASKET1;58686;11;58685;17;;;58697;11;58698;17;;;58691.5;-513.375
1;2000;PICNIC_BASKET2;30243;28;;;;;30249;11;30250;17;;;30246.0;-582.75
1;2000;SQUID_INK;1846;22;;;;;1848;1;1849;22;;;1847.0;-326.1328125
1;2000;RAINFOREST_RESIN;9995;22;;;;;10005;22;;;;;10000.0;30.0
1;2000;DJEMBES;13413;56;;;;;13414;56;;;;;13413.5;-202.875
1;2000;CROISSANTS;4274;55;4273;89;;;4275;139;;;;;4274.5;-66.21875
1;2000;JAMS;6541;219;;;;;6543;219;;;;;6542.0;181.25
1;2100;PICNIC_BASKET1;58686;16;58685;15;;;58697;16;58698;15;;;58691.5;-515.125
1;2100;PICNIC_BASKET2;30243;31;;;;;30249;16;30250;15;;;30246.0;-580.25
1;2100;CROISSANTS;4273;140;;;;;4275;140;;;;;4274.0;-90.15625
1;2100;JAMS;6541;178;;;;;6543;178;;;;;6542.0;145.5
1;2100;SQUID_INK;1845;25;;;;;1849;25;;;;;1847.0;-282.5625
1;2100;RAINFOREST_RESIN;9995;25;;;;;10005;25;;;;;10000.0;30.0
1;2100;DJEMBES;13414;50;;;;;13415;45;;;;;13414.5;-268.9375
1;2100;KELP;2031;25;;;;;2035;25;;;;;2033.0;0.7947998046875
1;2200;RAINFOREST_RESIN;9996;2;9995;29;;;10004;2;10005;29;;;10000.0;30.0
1;2200;DJEMBES;13415;19;13414;39;;;13416;58;;;;;13415.5;-318.625
1;2200;CROISSANTS;4273;133;;;;;4275;133;;;;;4274.0;-98.5
1;2200;JAMS;6542;71;6541;131;;;6543;71;6544;131;;;6542.5;-9.25
1;2200;KELP;2032;31;;;;;2035;31;;;;;2033.5;0.763916015625
1;2200;PICNIC_BASKET1;58680;2;58679;12;58678;19;58689;2;58690;12;58691;19;58684.5;-777.0
1;2200;PICNIC_BASKET2;30243;33;;;;;30249;14;30250;19;;;30246.0;-605.75
1;2200;SQUID_INK;1846;31;;;;;1849;31;;;;;1847.5;-316.9140625
1;2300;DJEMBES;13414;66;;;;;13416;66;;;;;13415.0;-307.875
1;2300;KELP;2032;1;2031;20;;;2035;21;;;;;2033.5;0.7835693359375
1;2300;PICNIC_BASKET1;58682;2;58678;1;58677;44;58687;1;58688;18;58689;26;58684.5;-837.25
1;2300;PICNIC_BASKET2;30240;2;30238;1;30237;44;30243;19;30244;26;;;30241.5;-1136.75
1;2300;CROISSANTS;4273;120;;;;;4274;38;4275;82;;;4273.5;-106.5625
1;2300;JAMS;6542;82;6541;117;;;6543;82;6544;117;;;6542.5;65.75
1;2300;SQUID_INK;1848;1;1847;20;;;1851;21;;;;;1849.5;-388.0625
1;2300;RAINFOREST_RESIN;9996;1;9995;20;;;10004;1;10005;20;;;10000.0;30.0
1;2400;KELP;2034;1;2032;3;2031;26;2035;26;;;;;2034.5;0.884765625
1;2400;PICNIC_BASKET1;58674;1;58673;16;58672;28;58683;1;58684;16;58685;28;58678.5;-1002.25
1;2400;PICNIC_BASKET2;30236;1;30235;44;;;30241;17;30242;28;;;30238.5;-1365.25
1;2400;SQUID_INK;1848;1;1846;29;;;1849;26;;;;;1848.5;-315.953125
1;2400;RAINFOREST_RESIN;10002;1;9996;1;9995;25;10004;1;10005;25;;;10003.0;30.0
1;2400;DJEMBES;13415;58;;;;;13416;58;;;;;13415.5;-338.875
1;2400;CROISSANTS;4273;106;;;;;4274;48;4275;58;;;4273.5;-126.0625
1;2400;JAMS;6542;160;;;;;6544;160;;;;;6543.0;-42.0
1;2500;PICNIC_BASKET2;30237;11;30236;18;;;30243;29;;;;;30240.0;-1215.0
1;2500;PICNIC_BASKET1;58670;11;58669;18;;;58681;11;58682;18;;;58675.5;-1135.0
1;2500;CROISSANTS;4273;157;;;;;4275;157;;;;;4274.0;-81.25
1;2500;SQUID_INK;1846;27;;;;;1850;27;;;;;1848.0;-339.953125
1;2500;RAINFOREST_RESIN;9995;27;;;;;10005;27;;;;;10000.0;32.0
1;2500;JAMS;6542;92;6541;191;;;6543;92;6544;191;;;6542.5;23.0
1;2500;DJEMBES;13415;56;;;;;13416;56;;;;;13415.5;-338.6875
1;2500;KELP;2031;27;;;;;2035;27;;;;;2033.0;1.607666015625
1;2600;RAINFOREST_RESIN;9996;1;9995;20;;;10004;1;10005;20;;;10000.0;32.0
1;2600;DJEMBES;13415;74;;;;;13417;74;;;;;13416.0;-368.0
1;2600;CROISSANTS;4274;136;;;;;4275;136;;;;;4274.5;-44.3125
1;2600;JAMS;6542;250;;;;;6544;250;;;;;6543.0;-78.0
1;2600;KELP;2032;1;2031;20;;;2035;21;;;;;2033.5;1.7490234375
1;2600;PICNIC_BASKET2;30238;11;30237;25;;;30243;1;30244;35;;;30240.5;-1111.25
1;2600;PICNIC_BASKET1;58675;1;58674;10;58673;25;58684;1;58685;10;58686;25;58679.5;-988.75
1;2600;SQUID_INK;1849;21;;;;;1852;21;;;;;1850.5;-452.8125
1;2700;CROISSANTS;4274;106;;;;;4275;106;;;;;4274.5;-48.875
1;2700;JAMS;6542;190;;;;;6544;190;;;;;6543.0;-75.25
1;2700;DJEMBES;13415;78;;;;;13416;28;13417;50;;;13415.5;-349.125
1;2700;KELP;2034;1;2032;4;2031;29;2035;31;;;;;2034.5;1.583984375
1;2700;PICNIC_BASKET2;30238;2;30237;39;;;30243;2;30244;39;;;30240.5;-1133.75
1;2700;PICNIC_BASKET1;58672;2;58671;11;58670;28;58681;2;58682;11;58683;28;58676.5;-1145.0
1;2700;SQUID_INK;1850;1;1848;33;;;1851;31;;;;;1850.5;-408.3125
1;2700;RAINFOREST_RESIN;9996;2;9995;29;;;10004;2;10005;29;;;10000.0;32.0
1;2800;CROISSANTS;4274;49;4273;80;;;4275;129;;;;;4274.5;-60.5625
1;2800;JAMS;6542;80;6541;155;;;6543;80;6544;155;;;6542.5;30.0
1;2800;KELP;2032;5;2031;22;;;2035;22;;;;;2033.5;2.64990234375
1;2800;PICNIC_BASKET2;30241;12;30240;22;;;30247;34;;;;;30244.0;-814.0
1;2800;PICNIC_BASKET1;58671;12;58670;22;;;58682;12;58683;22;;;58676.5;-1157.75
1;2800;SQUID_INK;1849;27;;;;;1852;22;;;;;1850.5;-457.5234375
1;2800;RAINFOREST_RESIN;9995;22;;;;;10005;22;;;;;10000.0;32.0
1;2800;DJEMBES;13416;33;13415;42;;;13417;64;;;;;13416.5;-378.25
1;2900;PICNIC_BASKET2;30243;17;30242;26;;;30248;1;30249;42;;;30245.5;-670.75
1;2900;PICNIC_BASKET1;58671;1;58670;16;58669;26;58680;1;58681;16;58682;26;58675.5;-1177.5
1;2900;SQUID_INK;1848;22;;;;;1851;22;;;;;1849.5;-421.953125
1;2900;RAINFOREST_RESIN;9996;1;9995;21;;;10002;6;10004;1;10005;21;9999.0;32.0
1;2900;CROISSANTS;4274;117;;;;;4275;117;;;;;4274.5;-28.0625
1;2900;JAMS;6542;222;;;;;6544;222;;;;;6543.0;-67.0
1;2900;DJEMBES;13416;66;;;;;13417;66;;;;;13416.5;-392.5
1;2900;KELP;2031;22;;;;;2035;22;;;;;2033.0;2.68017578125
1;3000;RAINFOREST_RESIN;9996;1;9995;27;;;10004;1;10005;27;;;10000.0;32.0
1;3000;DJEMBES;13417;16;13416;32;;;13418;48;;;;;13417.5;-436.5
1;3000;CROISSANTS;4274;91;;;;;4275;91;;;;;4274.5;-24.0625
1;3000;JAMS;6543;213;;;;;6545;213;;;;;6544.0;-519.0
1;3000;KELP;2032;1;2031;27;;;2035;28;;;;;2033.5;2.498046875
1;3000;PICNIC_BASKET2;30247;12;30246;16;;;30249;6;30252;1;30253;27;30248.0;-445.5
1;3000;PICNIC_BASKET1;58679;12;58678;16;;;58684;6;58689;1;58690;27;58681.5;-762.75
1;3000;SQUID_INK;1848;28;;;;;1851;28;;;;;1849.5;-403.890625
1;3100;CROISSANTS;4274;115;;;;;4276;115;;;;;4275.0;27.25
1;3100;JAMS;6543;248;;;;;6545;248;;;;;6544.0;-518.0
1;3100;DJEMBES;13416;62;;;;;13417;62;;;;;13416.5;-396.625
1;3100;KELP;2032;25;;;;;2035;25;;;;;2033.5;2.076171875
1;3100;PICNIC_BASKET2;30247;33;;;;;30254;33;;;;;30250.5;-425.25
1;3100;PICNIC_BASKET1;58674;18;58673;15;;;58685;18;58686;15;;;58679.5;-1003.75
1;3100;SQUID_INK;1848;25;;;;;1851;25;;;;;1849.5;-417.5078125
1;3100;RAINFOREST_RESIN;9995;25;;;;;10005;25;;;;;10000.0;32.0
1;3200;CROISSANTS;4274;130;;;;;4275;130;;;;;4274.5;-16.375
1;3200;JAMS;6543;203;;;;;6545;203;;;;;6544.0;-554.5
1;3200;KELP;2032;29;;;;;2034;7;2035;29;;;2033.0;2.07666015625
1;3200;PICNIC_BASKET2;30250;1;30249;41;;;30255;13;30256;29;;;30252.5;-490.125
1;3200;PICNIC_BASKET1;58677;13;58676;29;;;58687;1;58688;41;;;58682.0;-900.0
1;3200;SQUID_INK;1848;29;;;;;1850;7;1851;29;;;1849.0;-426.265625
1;3200;RAINFOREST_RESIN;9996;1;9995;28;;;10004;1;10005;28;;;10000.0;32.0
1;3200;DJEMBES;13417;61;;;;;13418;61;;;;;13417.5;-444.375
1;3300;PICNIC_BASKET2;30248;2;30247;40;;;30253;14;30254;28;;;30250.5;-541.5
1;3300;PICNIC_BASKET1;58671;2;58670;12;58669;28;58680;2;58681;12;58682;28;58675.5;-1152.75
1;3300;SQUID_INK;1849;28;;;;;1852;28;;;;;1850.5;-472.90625
1;3300;RAINFOREST_RESIN;9998;3;9996;2;9995;26;10004;2;10005;26;;;10001.0;32.0
1;3300;CROISSANTS;4274;123;;;;;4275;123;;;;;4274.5;-15.25
1;3300;JAMS;6543;79;6542;139;;;6544;79;6545;139;;;6543.5;-352.5
1;3300;DJEMBES;13415;63;;;;;13416;63;;;;;13415.5;-332.75
1;3300;KELP;2032;28;;;;;2035;28;;;;;2033.5;2.07666015625
1;3400;RAINFOREST_RESIN;10000;2;9996;1;9995;25;10004;1;10005;25;;;10002.0;32.0
1;3400;DJEMBES;13416;22;13415;41;;;13417;63;;;;;13416.5;-359.17578125
1;3400;CROISSANTS;4274;102;;;;;4275;102;;;;;4274.5;-18.75
1;3400;JAMS;6543;50;6542;116;;;6544;50;6545;116;;;6543.5;-291.25
1;3400;KELP;2033;3;2032;26;;;2035;26;;;;;2034.0;0.830078125
1;3400;PICNIC_BASKET2;30246;20;30245;22;;;30251;1;30252;41;;;30248.5;-580.625
1;3400;PICNIC_BASKET1;58674;1;58673;19;58672;22;58683;1;58684;19;58685;22;58678.5;-1030.25
1;3400;SQUID_INK;1850;3;1849;1;1848;25;1852;26;;;;;1851.0;-436.796875
1;3500;CROISSANTS;4274;140;;;;;4275;140;;;;;4274.5;-35.375
1;3500;JAMS;6544;193;;;;;6546;193;;;;;6545.0;-868.75
1;3500;DJEMBES;13414;78;;;;;13415;78;;;;;13414.5;-364.69921875
1;3500;KELP;2032;23;;;;;2034;1;2035;23;;;2033.0;1.12451171875
1;3500;PICNIC_BASKET2;30248;2;30247;42;;;30253;16;30254;28;;;30250.5;-546.875
1;3500;PICNIC_BASKET1;58680;2;58679;14;58678;28;58689;2;58690;14;58691;28;58684.5;-817.5
1;3500;SQUID_INK;1850;23;;;;;1851;1;1853;23;;;1850.5;-495.34375
1;3500;RAINFOREST_RESIN;9996;2;9995;21;;;10004;2;10005;21;;;10000.0;32.0
1;3600;JAMS;6543;257;;;;;6545;257;;;;;6544.0;-534.75
1;3600;CROISSANTS;4274;57;4273;97;;;4275;154;;;;;4274.5;-71.125
1;3600;PICNIC_BASKET1;58676;15;58675;23;;;58687;15;58688;23;;;58681.5;-930.75
1;3600;PICNIC_BASKET2;30244;38;;;;;30250;15;30251;23;;;30247.0;-618.875
1;3600;KELP;2033;3;2032;30;;;2035;30;;;;;2034.0;1.24755859375
1;3600;SQUID_INK;1851;3;1850;30;;;1853;30;;;;;1852.0;-504.625
1;3600;DJEMBES;13414;61;;;;;13416;61;;;;;13415.0;-359.375
1;3600;RAINFOREST_RESIN;10000;3;9995;30;;;10002;5;10005;30;;;10001.0;32.0
1;3700;SQUID_INK;1851;20;;;;;1852;2;1854;25;;;1851.5;-545.9921875
1;3700;RAINFOREST_RESIN;9998;6;9996;1;9995;24;10004;1;10005;24;;;10001.0;32.0
1;3700;PICNIC_BASKET1;58675;1;58674;16;58673;15;58684;1;58685;16;58686;15;58679.5;-1003.75
1;3700;PICNIC_BASKET2;30244;1;30243;31;;;30249;17;30250;15;;;30246.5;-646.3125
1;3700;CROISSANTS;4274;58;4273;75;;;4275;133;;;;;4274.5;-75.6875
1;3700;JAMS;6543;198;;;;;6545;198;;;;;6544.0;-540.25
1;3700;DJEMBES;13413;15;13412;44;;;13414;59;;;;;13413.5;-463.9375
1;3700;KELP;2032;25;;;;;2033;5;2034;2;2035;25;2032.5;1.03515625
1;3800;DJEMBES;13414;60;;;;;13415;60;;;;;13414.5;-389.3125
1;3800;RAINFOREST_RESIN;9996;1;9995;29;;;10004;1;10005;29;;;10000.0;32.0
1;3800;CROISSANTS;4274;49;4273;97;;;4275;146;;;;;4274.5;-71.6875
1;3800;JAMS;6543;198;;;;;6545;198;;;;;6544.0;-507.25
1;3800;PICNIC_BASKET1;58680;1;58679;11;58678;25;58689;1;58690;11;58691;25;58684.5;-813.0
1;3800;PICNIC_BASKET2;30245;37;;;;;30251;12;30252;25;;;30248.0;-599.25
1;3800;KELP;2032;30;;;;;2035;30;;;;;2033.5;4.43115234375
1;3800;SQUID_INK;1853;30;;;;;1856;30;;;;;1854.5;-645.3671875
1;3900;CROISSANTS;4273;135;;;;;4275;135;;;;;4274.0;-107.875
1;3900;JAMS;6542;247;;;;;6544;247;;;;;6543.0;-240.5
1;3900;DJEMBES;13414;63;;;;;13415;63;;;;;13414.5;-383.9375
1;3900;KELP;2032;33;;;;;2035;28;;;;;2033.5;4.330322265625
1;3900;SQUID_INK;1852;33;;;;;1855;28;;;;;1853.5;-596.71875
1;3900;RAINFOREST_RESIN;10002;4;9996;2;9995;26;10004;2;10005;26;;;10003.0;32.0
1;3900;PICNIC_BASKET1;58675;2;58674;11;58673;23;58684;2;58685;11;58686;23;58679.5;-1004.5
1;3900;PICNIC_BASKET2;30241;13;30240;23;;;30246;2;30247;34;;;30243.5;-705.375
1;4000;CROISSANTS;4273;142;;;;;4275;142;;;;;4274.0;-107.375
1;4000;JAMS;6542;242;;;;;6544;242;;;;;6543.0;-206.5
1;4000;PICNIC_BASKET1;58681;2;58680;16;58679;22;58690;2;58691;16;58692;22;58685.5;-779.0
1;4000;PICNIC_BASKET2;30245;2;30244;38;;;30250;2;30251;38;;;30247.5;-609.4375
1;4000;KELP;2032;32;;;;;2035;32;;;;;2033.5;4.4716796875
1;4000;SQUID_INK;1854;32;;;;;1857;32;;;;;1855.5;-707.515625
1;4000;DJEMBES;13414;52;;;;;13416;52;;;;;13415.0;-366.125
1;4000;RAINFOREST_RESIN;9996;2;9995;30;;;10004;2;10005;30;;;10000.0;40.0
1;4100;RAINFOREST_RESIN;9996;1;9995;25;;;10002;4;10004;1;10005;25;9999.0;40.0
1;4100;SQUID_INK;1854;1;1853;25;;;1857;26;;;;;1855.5;-686.734375
1;4100;PICNIC_BASKET1;58677;1;58676;11;58675;19;58686;1;58687;11;58688;19;58681.5;-926.75
1;4100;PICNIC_BASKET2;30243;12;30242;19;;;30249;31;;;;;30246.0;-653.625
1;4100;KELP;2032;26;;;;;2035;26;;;;;2033.5;4.148681640625
1;4100;CROISSANTS;4273;136;;;;;4274;136;;;;;4273.5;-150.4375
1;4100;JAMS;6542;244;;;;;6544;244;;;;;6543.0;-134.25
1;4100;DJEMBES;13414;57;;;;;13415;19;13416;38;;;13414.5;-373.6875
1;4200;DJEMBES;13415;53;;;;;13416;48;;;;;13415.5;-333.0
1;4200;RAINFOREST_RESIN;9996;2;9995;26;;;9998;5;10004;2;10005;26;9997.0;40.0
1;4200;KELP;2032;28;;;;;2035;28;;;;;2033.5;3.96484375
1;4200;CROISSANTS;4273;46;4272;82;;;4274;128;;;;;4273.5;-188.0625
1;4200;JAMS;6542;197;;;;;6544;197;;;;;6543.0;-133.5
1;4200;SQUID_INK;1854;28;;;;;1857;28;;;;;1855.5;-709.2890625
1;4200;PICNIC_BASKET1;58674;2;58673;20;58672;16;58683;2;58684;20;58685;16;58678.5;-1028.75
1;4200;PICNIC_BASKET2;30243;2;30242;36;;;30248;22;30249;16;;;30245.5;-666.4375
1;4300;KELP;2032;25;;;;;2033;5;2035;25;;;2032.5;4.025146484375
1;4300;CROISSANTS;4273;55;4272;59;;;4274;114;;;;;4273.5;-200.875
1;4300;JAMS;6542;195;;;;;6544;195;;;;;6543.0;-169.25
1;4300;DJEMBES;13415;24;13414;48;;;13416;72;;;;;13415.5;-361.7109375
1;4300;RAINFOREST_RESIN;9996;1;9995;24;;;10000;5;10004;1;10005;24;9998.0;50.0
1;4300;SQUID_INK;1854;25;;;;;1855;5;1857;25;;;1854.5;-699.0859375
1;4300;PICNIC_BASKET1;58674;1;58673;42;;;58684;19;58685;24;;;58679.0;-1016.0
1;4300;PICNIC_BASKET2;30245;19;30244;24;;;30250;1;30251;42;;;30247.5;-604.625
1;4400;KELP;2032;22;;;;;2035;22;;;;;2033.5;6.7998046875
1;4400;CROISSANTS;4273;91;;;;;4274;91;;;;;4273.5;-176.0625
1;4400;JAMS;6542;249;;;;;6544;249;;;;;6543.0;-164.25
1;4400;SQUID_INK;1853;22;;;;;1856;22;;;;;1854.5;-656.328125
1;4400;PICNIC_BASKET1;58678;46;;;;;58689;16;58690;30;;;58683.5;-825.75
1;4400;PICNIC_BASKET2;30246;16;30245;30;;;30252;46;;;;;30249.0;-579.5625
1;4400;DJEMBES;13415;64;;;;;13416;30;13417;34;;;13415.5;-374.734375
1;4400;RAINFOREST_RESIN;9995;22;;;;;10005;22;;;;;10000.0;50.0
1;4500;RAINFOREST_RESIN;9995;26;;;;;10005;26;;;;;10000.0;50.0
1;4500;SQUID_INK;1853;26;;;;;1856;26;;;;;1854.5;-642.375
1;4500;PICNIC_BASKET1;58675;11;58674;18;;;58686;11;58687;18;;;58680.5;-970.25
1;4500;PICNIC_BASKET2;30245;29;;;;;30252;29;;;;;30248.5;-583.6875
1;4500;KELP;2032;26;;;;;2035;26;;;;;2033.5;6.73046875
1;4500;CROISSANTS;4272;144;;;;;4274;144;;;;;4273.0;-215.875
1;4500;JAMS;6542;265;;;;;6544;265;;;;;6543.0;-153.0
1;4500;DJEMBES;13416;18;13415;48;;;13417;66;;;;;13416.5;-383.265625
1;4600;DJEMBES;13415;71;;;;;13416;28;13417;43;;;13415.5;-371.3125
1;4600;RAINFOREST_RESIN;9996;1;9995;21;;;10004;1;10005;21;;;10000.0;50.0
1;4600;KELP;2034;1;2032;22;;;2035;22;;;;;2034.5;6.8818359375
1;4600;CROISSANTS;4273;63;4272;52;;;4274;115;;;;;4273.5;-199.75
1;4600;JAMS;6542;225;;;;;6544;235;;;;;6543.0;-91.5
1;4600;SQUID_INK;1859;1;1857;22;;;1860;22;;;;;1859.5;-845.6640625
1;4600;PICNIC_BASKET1;58672;1;58671;12;58670;28;58681;1;58682;12;58683;28;58676.5;-1112.0
1;4600;PICNIC_BASKET2;30245;13;30244;28;;;30251;13;30252;28;;;30248.0;-597.5
1;4700;DJEMBES;13415;70;;;;;13416;22;13417;48;;;13415.5;-372.6875
1;4700;KELP;2032;35;;;;;2035;27;;;;;2033.5;7.572265625
1;4700;CROISSANTS;4271;149;;;;;4272;58;4273;91;;;4271.5;-373.125
1;4700;JAMS;6542;195;;;;;6544;195;;;;;6543.0;-190.75
1;4700;RAINFOREST_RESIN;9995;27;;;;;10005;27;;;;;10000.0;50.0
1;4700;SQUID_INK;1855;35;;;;;1858;27;;;;;1856.5;-746.0
1;4700;PICNIC_BASKET2;30240;41;;;;;30246;19;30247;22;;;30243.0;-729.625
1;4700;PICNIC_BASKET1;58669;19;58668;22;;;58680;19;58681;22;;;58674.5;-1195.25
1;4800;KELP;2032;29;;;;;2035;29;;;;;2033.5;7.51171875
1;4800;CROISSANTS;4271;120;;;;;4272;40;4273;80;;;4271.5;-404.375
1;4800;SQUID_INK;1859;29;;;;;1863;29;;;;;1861.0;-983.8359375
1;4800;PICNIC_BASKET2;30240;1;30239;37;;;30245;1;30246;37;;;30242.5;-812.875
1;4800;PICNIC_BASKET1;58665;1;58664;17;58663;20;58674;1;58675;17;58676;20;58669.5;-1383.25
1;4800;JAMS;6542;266;;;;;6544;266;;;;;6543.0;-112.5
1;4800;DJEMBES;13415;62;;;;;13416;20;13417;42;;;13415.5;-373.21875
1;4800;RAINFOREST_RESIN;9996;1;9995;28;;;10004;1;10005;28;;;10000.0;50.0
1;4900;RAINFOREST_RESIN;9998;7;9996;2;9995;27;10004;2;10005;27;;;10001.0;50.0
1;4900;SQUID_INK;1857;29;;;;;1860;2;1861;27;;;1858.5;-880.015625
1;4900;PICNIC_BASKET2;30239;17;30238;22;;;30244;2;30245;37;;;30241.5;-846.625
1;4900;PICNIC_BASKET1;58666;2;58665;15;58664;22;58675;2;58676;15;58677;22;58670.5;-1344.75
1;4900;DJEMBES;13414;70;;;;;13415;7;13416;70;;;13414.5;-346.5
1;4900;KELP;2032;29;;;;;2035;29;;;;;2033.5;7.693359375
1;4900;CROISSANTS;4271;144;;;;;4272;138;;;;;4271.5;-433.125
1;4900;JAMS;6542;203;;;;;6544;203;;;;;6543.0;-75.75
1;5000;DJEMBES;13415;72;;;;;13416;72;;;;;13415.5;-360.75
1;5000;RAINFOREST_RESIN;9996;2;9995;29;;;10004;2;10005;29;;;10000.0;50.0
1;5000;KELP;2032;37;;;;;2035;31;;;;;2033.5;7.69140625
1;5000;SQUID_INK;1860;8;1859;29;;;1863;31;;;;;1861.5;-986.3828125
1;5000;PICNIC_BASKET2;30238;18;30237;26;;;30243;2;30244;42;;;30240.5;-908.75
1;5000;PICNIC_BASKET1;58660;2;58659;42;;;58670;18;58671;26;;;58665.0;-1560.0
1;5000;CROISSANTS;4271;120;;;;;4272;124;;;;;4271.5;-519.0
1;5000;JAMS;6542;202;;;;;6544;202;;;;;6543.0;-107.0
1;5100;DJEMBES;13416;27;13415;46;;;13417;73;;;;;13416.5;-378.5
1;5100;KELP;2032;26;;;;;2035;25;;;;;2033.5;7.689453125
1;5100;CROISSANTS;4271;39;4270;74;;;4272;113;;;;;4271.5;-570.125
1;5100;JAMS;6542;272;;;;;6544;272;;;;;6543.0;-34.25
1;5100;RAINFOREST_RESIN;9996;1;9995;24;;;10004;1;10005;24;;;10000.0;50.0
1;5100;SQUID_INK;1859;26;;;;;1862;25;;;;;1860.5;-950.3046875
1;5100;PICNIC_BASKET2;30235;14;30234;27;;;30240;1;30241;40;;;30237.5;-1064.25
1;5100;PICNIC_BASKET1;58659;1;58658;13;58657;27;58668;1;58669;13;58670;27;58663.5;-1726.75
1;5200;SQUID_INK;1858;30;;;;;1861;30;;;;;1859.5;-927.2421875
1;5200;KELP;2032;30;;;;;2035;30;;;;;2033.5;7.689453125
1;5200;PICNIC_BASKET2;30236;5;30234;1;30233;37;30239;14;30240;24;;;30237.5;-1133.875
1;5200;PICNIC_BASKET1;58659;5;58655;1;58654;13;58664;1;58665;13;58666;24;58661.5;-1983.75
1;5200;CROISSANTS;4271;44;4270;79;;;4272;123;;;;;4271.5;-548.5
1;5200;JAMS;6542;79;6541;195;;;6543;79;6544;195;;;6542.5;83.0
1;5200;DJEMBES;13414;61;;;;;13416;61;;;;;13415.0;-323.5625
1;5200;RAINFOREST_RESIN;9998;6;9996;1;9995;29;10004;1;10005;29;;;10001.0;50.0
1;5300;RAINFOREST_RESIN;9996;1;9995;21;;;10004;1;10005;21;;;10000.0;50.0
1;5300;SQUID_INK;1859;1;1857;22;;;1860;22;;;;;1859.5;-854.1328125
1;5300;PICNIC_BASKET2;30235;12;30234;26;;;30240;1;30241;37;;;30237.5;-1089.125
1;5300;PICNIC_BASKET1;58650;1;58649;37;;;58660;12;58661;26;;;58655.0;-2242.5
1;5300;DJEMBES;13412;66;;;;;13414;66;;;;;13413.0;-207.5
1;5300;KELP;2034;1;2032;22;;;2035;22;;;;;2034.5;7.7529296875
1;5300;CROISSANTS;4271;40;4270;97;;;4272;137;;;;;4271.5;-552.625
1;5300;JAMS;6541;97;6540;152;;;6542;97;6543;152;;;6541.5;353.0
1;5400;DJEMBES;13412;63;;;;;13413;63;;;;;13412.5;-278.84375
1;5400;RAINFOREST_RESIN;9998;9;9996;2;9995;20;10004;2;10005;20;;;10001.0;50.0
1;5400;SQUID_INK;1857;17;;;;;1858;7;1860;22;;;1857.5;-847.53125
1;5400;KELP;2032;22;;;;;2033;5;2034;7;2035;22;2032.5;8.33203125
1;5400;PICNIC_BASKET2;30237;2;30236;39;;;30242;15;30243;26;;;30239.5;-970.375
1;5400;PICNIC_BASKET1;58652;2;58651;13;58650;26;58661;2;58662;13;58663;26;58656.5;-2133.25
1;5400;CROISSANTS;4271;144;;;;;4272;55;4273;89;;;4271.5;-432.625
1;5400;JAMS;6540;224;;;;;6542;224;;;;;6541.0;452.375
1;5500;DJEMBES;13412;60;;;;;13414;60;;;;;13413.0;-268.9375
1;5500;KELP;2032;29;;;;;2035;29;;;;;2033.5;10.740234375
1;5500;CROISSANTS;4271;115;;;;;4272;115;;;;;4271.5;-504.25
1;5500;JAMS;6540;201;;;;;6542;205;;;;;6541.0;240.71875
1;5500;RAINFOREST_RESIN;9996;1;9995;28;;;10004;1;10005;28;;;10000.0;50.0
1;5500;SQUID_INK;1858;29;;;;;1862;29;;;;;1860.0;-920.9765625
1;5500;PICNIC_BASKET2;30234;19;30233;21;;;30239;1;30240;39;;;30236.5;-1150.125
1;5500;PICNIC_BASKET1;58652;1;58651;39;;;58662;19;58663;21;;;58657.0;-2124.25
1;5600;SQUID_INK;1859;29;;;;;1862;21;;;;;1860.5;-936.4296875
1;5600;KELP;2032;29;;;;;2035;21;;;;;2033.5;11.046875
1;5600;PICNIC_BASKET2;30232;38;;;;;30235;3;30239;38;;;30233.5;-1230.875
1;5600;PICNIC_BASKET1;58648;17;58647;21;;;58653;3;58659;17;58660;21;58650.5;-2316.5
1;5600;CROISSANTS;4271;128;;;;;4272;128;;;;;4271.5;-482.25
1;5600;JAMS;6540;248;;;;;6542;248;;;;;6541.0;241.515625
1;5600;DJEMBES;13413;21;13412;49;;;13414;70;;;;;13413.5;-254.8125
1;5600;RAINFOREST_RESIN;9995;21;;;;;10002;6;10005;21;;;9998.5;50.0
1;5700;RAINFOREST_RESIN;9996;1;9995;29;;;10004;1;10005;29;;;10000.0;50.0
1;5700;SQUID_INK;1859;8;1858;29;;;1862;30;;;;;1860.5;-922.3671875
1;5700;PICNIC_BASKET2;30231;37;;;;;30237;20;30238;19;;;30234.0;-1305.25
1;5700;PICNIC_BASKET1;58649;18;58648;19;;;58659;1;58660;38;;;58654.0;-2296.0
1;5700;DJEMBES;13413;69;;;;;13414;19;13415;50;;;13413.5;-228.5
1;5700;KELP;2032;37;;;;;2035;30;;;;;2033.5;11.75
1;5700;CROISSANTS;4271;54;4270;89;;;4272;143;;;;;4271.5;-542.875
1;5700;JAMS;6540;243;;;;;6542;243;;;;;6541.0;238.984375
1;5800;DJEMBES;13413;51;;;;;13414;21;13415;30;;;13413.5;-222.25
1;5800;RAINFOREST_RESIN;9996;2;9995;28;;;10002;5;10004;2;10005;28;9999.0;50.0
1;5800;SQUID_INK;1859;7;1858;30;;;1861;30;;;;;1860.0;-914.0390625
1;5800;PICNIC_BASKET1;58650;2;58649;15;58648;21;58659;2;58660;15;58661;21;58654.5;-2255.75
1;5800;PICNIC_BASKET2;30234;2;30233;36;;;30239;2;30240;36;;;30236.5;-1155.5
1;5800;KELP;2032;37;;;;;2035;30;;;;;2033.5;11.44140625
1;5800;JAMS;6540;239;;;;;6542;239;;;;;6541.0;232.453125
1;5800;CROISSANTS;4271;114;;;;;4272;114;;;;;4271.5;-516.75
1;5900;DJEMBES;13414;75;;;;;13415;75;;;;;13414.5;-189.375
1;5900;KELP;2034;4;2032;31;;;2035;31;;;;;2034.5;11.6484375
1;5900;JAMS;6540;244;;;;;6542;244;;;;;6541.0;238.53125
1;5900;CROISSANTS;4271;124;;;;;4272;124;;;;;4271.5;-519.25
1;5900;RAINFOREST_RESIN;9996;2;9995;29;;;10004;2;10005;29;;;10000.0;50.0
1;5900;SQUID_INK;1859;4;1857;31;;;1860;31;;;;;1859.5;-868.171875
1;5900;PICNIC_BASKET1;58652;2;58648;2;58647;40;58658;16;58659;26;;;58655.0;-2367.0
1;5900;PICNIC_BASKET2;30232;2;30230;16;30229;26;30235;2;30236;40;;;30233.5;-1413.0
1;6000;SQUID_INK;1859;32;;;;;1862;32;;;;;1860.5;-930.3203125
1;6000;PICNIC_BASKET1;58649;2;58648;18;58647;23;58658;2;58659;18;58660;23;58653.5;-2353.5
1;6000;PICNIC_BASKET2;30229;20;30228;23;;;30234;2;30235;41;;;30231.5;-1500.0
1;6000;KELP;2032;32;;;;;2035;32;;;;;2033.5;13.3515625
1;6000;CROISSANTS;4271;53;4270;64;;;4272;117;;;;;4271.5;-560.75
1;6000;JAMS;6540;210;;;;;6542;210;;;;;6541.0;230.4375
1;6000;DJEMBES;13414;58;;;;;13415;58;;;;;13414.5;-222.40625
1;6000;RAINFOREST_RESIN;9998;7;9996;2;9995;30;10004;2;10005;30;;;10001.0;50.0
1;6100;RAINFOREST_RESIN;10002;11;9996;1;9995;28;10004;1;10005;28;;;10003.0;50.0
1;6100;SQUID_INK;1859;24;;;;;1860;8;1862;29;;;1859.5;-927.7890625
1;6100;PICNIC_BASKET1;58648;14;58647;16;;;58658;1;58659;29;;;58653.0;-2361.25
1;6100;PICNIC_BASKET2;30231;14;30230;16;;;30237;30;;;;;30234.0;-1340.5
1;6100;DJEMBES;13413;50;;;;;13414;50;;;;;13413.5;-181.9375
1;6100;KELP;2032;24;;;;;2034;8;2035;29;;;2033.0;12.0126953125
1;6100;CROISSANTS;4271;114;;;;;4272;44;4273;70;;;4271.5;-393.625
1;6100;JAMS;6540;183;;;;;6542;183;;;;;6541.0;230.859375
1;6200;DJEMBES;13414;76;;;;;13415;76;;;;;13414.5;-219.71875
1;6200;RAINFOREST_RESIN;9996;1;9995;20;;;10004;1;10005;20;;;10000.0;72.0
1;6200;SQUID_INK;1859;21;;;;;1862;21;;;;;1860.5;-946.84375
1;6200;PICNIC_BASKET1;58652;1;58651;14;58650;27;58661;1;58662;14;58663;27;58656.5;-2152.5
1;6200;PICNIC_BASKET2;30231;1;30230;41;;;30236;15;30237;27;;;30233.5;-1391.25
1;6200;KELP;2032;21;;;;;2035;21;;;;;2033.5;12.744140625
1;6200;CROISSANTS;4271;144;;;;;4272;61;4273;83;;;4271.5;-396.125
1;6200;JAMS;6540;276;;;;;6542;279;;;;;6541.0;242.203125
1;6300;KELP;2032;22;;;;;2035;22;;;;;2033.5;12.9873046875
1;6300;DJEMBES;13413;30;13412;44;;;13414;74;;;;;13413.5;-206.4375
1;6300;CROISSANTS;4271;146;;;;;4273;146;;;;;4272.0;-356.625
1;6300;JAMS;6540;259;;;;;6542;259;;;;;6541.0;238.015625
1;6300;RAINFOREST_RESIN;9995;22;;;;;10005;22;;;;;10000.0;72.0
1;6300;PICNIC_BASKET1;58652;15;58651;30;;;58663;15;58664;30;;;58657.5;-2110.0
1;6300;PICNIC_BASKET2;30233;15;30232;30;;;30239;45;;;;;30236.0;-1191.5
1;6300;SQUID_INK;1859;22;;;;;1862;22;;;;;1860.5;-949.9296875
1;6400;PICNIC_BASKET1;58653;2;58652;18;58651;28;58662;2;58663;18;58664;28;58657.5;-2099.0
1;6400;PICNIC_BASKET2;30235;20;30234;28;;;30240;2;30241;46;;;30237.5;-1066.25
1;6400;CROISSANTS;4271;140;;;;;4272;51;4273;89;;;4271.5;-386.125
1;6400;JAMS;6540;262;;;;;6542;262;;;;;6541.0;235.078125
1;6400;SQUID_INK;1860;3;1858;25;;;1862;25;;;;;1861.0;-920.78125
1;6400;KELP;2034;3;2032;25;;;2035;25;;;;;2034.5;12.8623046875
1;6400;DJEMBES;13413;65;;;;;13414;28;13415;37;;;13413.5;-227.5
1;6400;RAINFOREST_RESIN;9996;2;9995;23;;;9998;1;10004;2;10005;23;9997.0;72.0
1;6500;RAINFOREST_RESIN;9996;2;9995;24;;;10004;2;10005;24;;;10000.0;74.0
1;6500;PICNIC_BASKET1;58656;2;58655;13;58654;16;58665;2;58666;13;58667;16;58660.5;-1921.75
1;6500;PICNIC_BASKET2;30233;2;30232;29;;;30238;15;30239;16;;;30235.5;-1251.875
1;6500;SQUID_INK;1859;26;;;;;1862;26;;;;;1860.5;-956.2109375
1;6500;KELP;2032;26;;;;;2035;26;;;;;2033.5;13.93115234375
1;6500;DJEMBES;13413;62;;;;;13415;62;;;;;13414.0;-216.375
1;6500;CROISSANTS;4271;149;;;;;4272;54;4273;95;;;4271.5;-393.5
1;6500;JAMS;6540;214;;;;;6542;214;;;;;6541.0;239.5625
1;6600;DJEMBES;13414;28;13413;45;;;13415;73;;;;;13414.5;-199.1875
1;6600;RAINFOREST_RESIN;9998;6;9995;25;;;10005;25;;;;;10001.5;74.0
1;6600;PICNIC_BASKET1;58649;13;58648;28;;;58660;13;58661;28;;;58654.5;-2278.5
1;6600;PICNIC_BASKET2;30230;41;;;;;30236;13;30237;28;;;30233.0;-1362.75
1;6600;CROISSANTS;4271;51;4270;100;;;4272;151;;;;;4271.5;-545.125
1;6600;JAMS;6540;100;6539;106;;;6541;100;6542;106;;;6540.5;248.484375
1;6600;SQUID_INK;1860;25;;;;;1863;25;;;;;1861.5;-987.5703125
1;6600;KELP;2032;25;;;;;2035;25;;;;;2033.5;14.26416015625
1;6700;KELP;2032;30;;;;;2035;1;2036;29;;;2033.5;14.392578125
1;6700;DJEMBES;13413;56;;;;;13414;56;;;;;13413.5;-229.78125
1;6700;CROISSANTS;4271;135;;;;;4272;135;;;;;4271.5;-521.625
1;6700;JAMS;6540;81;6539;125;;;6541;81;6542;125;;;6540.5;250.875
1;6700;RAINFOREST_RESIN;9996;1;9995;29;;;9998;5;10004;1;10005;29;9997.0;74.0
1;6700;PICNIC_BASKET1;58648;14;58647;24;;;58658;1;58659;37;;;58653.0;-2359.5
1;6700;PICNIC_BASKET2;30228;14;30227;24;;;30233;1;30234;37;;;30230.5;-1482.75
1;6700;SQUID_INK;1859;30;;;;;1862;30;;;;;1860.5;-950.078125
1;6800;PICNIC_BASKET1;58654;1;58653;15;58652;30;58663;1;58664;15;58665;30;58658.5;-2044.25
1;6800;PICNIC_BASKET2;30232;16;30231;30;;;30238;16;30239;30;;;30235.0;-1258.125
1;6800;CROISSANTS;4271;137;;;;;4272;137;;;;;4271.5;-525.875
1;6800;JAMS;6540;230;;;;;6542;230;;;;;6541.0;227.609375
1;6800;SQUID_INK;1860;2;1859;31;;;1862;1;1863;30;;;1861.0;-959.546875
1;6800;DJEMBES;13413;71;;;;;13415;71;;;;;13414.0;-212.6875
1;6800;KELP;2032;33;;;;;2035;31;;;;;2033.5;14.1484375
1;6800;RAINFOREST_RESIN;9996;1;9995;30;;;10002;1;10004;1;10005;30;9999.0;84.0
1;6900;RAINFOREST_RESIN;9996;2;9995;22;;;10002;2;10004;2;10005;22;9999.0;84.0
1;6900;DJEMBES;13414;61;;;;;13415;61;;;;;13414.5;-199.3125
1;6900;PICNIC_BASKET2;30236;2;30235;34;;;30241;16;30242;20;;;30238.5;-1079.625
1;6900;PICNIC_BASKET1;58659;2;58658;14;58657;20;58668;2;58669;14;58670;20;58663.5;-1732.25
1;6900;SQUID_INK;1860;24;;;;;1863;24;;;;;1861.5;-980.578125
1;6900;JAMS;6541;75;6540;148;;;6542;75;6543;148;;;6541.5;219.765625
1;6900;KELP;2032;24;;;;;2035;24;;;;;2033.5;14.1748046875
1;6900;CROISSANTS;4271;120;;;;;4272;120;;;;;4271.5;-526.75
1;7000;RAINFOREST_RESIN;9996;1;9995;22;;;10004;1;10005;22;;;10000.0;84.0
1;7000;PICNIC_BASKET2;30234;1;30233;40;;;30239;1;30240;40;;;30236.5;-1181.0
1;7000;PICNIC_BASKET1;58658;1;58657;16;58656;24;58667;1;58668;16;58669;24;58662.5;-1786.75
1;7000;CROISSANTS;4271;60;4270;73;;;4272;133;;;;;4271.5;-550.25
1;7000;SQUID_INK;1861;2;1860;1;1859;23;1863;23;;;;;1862.0;-963.8359375
1;7000;JAMS;6541;73;6540;183;;;6542;73;6543;183;;;6541.5;189.4375
1;7000;DJEMBES;13414;24;13413;46;;;13415;70;;;;;13414.5;-203.90625
1;7000;KELP;2034;2;2032;24;;;2035;23;;;;;2034.5;14.1728515625
1;7100;CROISSANTS;4271;119;;;;;4272;126;;;;;4271.5;-516.875
1;7100;JAMS;6540;214;;;;;6542;214;;;;;6541.0;249.9375
1;7100;KELP;2032;27;;;;;2035;27;;;;;2033.5;14.752685546875
1;7100;RAINFOREST_RESIN;9996;2;9995;25;;;10004;2;10005;25;;;10000.0;84.0
1;7100;DJEMBES;13414;65;;;;;13415;65;;;;;13414.5;-196.21875
1;7100;PICNIC_BASKET2;30231;20;30230;18;;;30237;38;;;;;30234.0;-1311.0
1;7100;PICNIC_BASKET1;58656;2;58655;36;;;58666;20;58667;18;;;58661.0;-1889.25
1;7100;SQUID_INK;1860;27;;;;;1863;27;;;;;1861.5;-991.6015625
1;7200;PICNIC_BASKET2;30231;10;30230;17;;;30237;27;;;;;30234.0;-1312.75
1;7200;PICNIC_BASKET1;58656;10;58655;17;;;58667;10;58668;17;;;58661.5;-1865.5
1;7200;SQUID_INK;1859;20;;;;;1862;20;;;;;1860.5;-927.4375
1;7200;CROISSANTS;4271;44;4270;56;;;4272;105;;;;;4271.5;-565.375
1;7200;JAMS;6540;170;;;;;6542;160;;;;;6541.0;251.1875
1;7200;DJEMBES;13414;55;;;;;13415;55;;;;;13414.5;-202.15625
1;7200;KELP;2032;20;;;;;2035;20;;;;;2033.5;14.7215576171875
1;7200;RAINFOREST_RESIN;9995;20;;;;;10005;20;;;;;10000.0;84.0
1;7300;RAINFOREST_RESIN;9996;1;9995;21;;;10004;1;10005;21;;;10000.0;84.0
1;7300;DJEMBES;13414;60;;;;;13415;60;;;;;13414.5;-195.90625
1;7300;PICNIC_BASKET2;30235;1;30230;16;30229;21;30236;36;;;;;30235.5;-1376.375
1;7300;PICNIC_BASKET1;58663;2;58655;1;58654;15;58664;1;58665;36;;;58663.5;-1997.0
1;7300;SQUID_INK;1858;22;;;;;1860;8;1861;22;;;1859.0;-910.6328125
1;7300;CROISSANTS;4270;109;;;;;4272;109;;;;;4271.0;-619.625
1;7300;JAMS;6540;163;;;;;6542;163;;;;;6541.0;252.125
1;7300;KELP;2032;22;;;;;2034;8;2035;22;;;2033.0;14.7716064453125
1;7400;RAINFOREST_RESIN;9996;2;9995;26;;;10004;2;10005;26;;;10000.0;84.0
1;7400;PICNIC_BASKET2;30233;2;30232;35;;;30238;2;30239;35;;;30235.5;-1227.5
1;7400;PICNIC_BASKET1;58656;2;58655;10;58654;25;58665;2;58666;10;58667;25;58660.5;-1919.0
1;7400;SQUID_INK;1859;27;;;;;1862;28;;;;;1860.5;-928.3984375
1;7400;CROISSANTS;4270;110;;;;;4272;110;;;;;4271.0;-598.25
1;7400;JAMS;6540;218;;;;;6542;224;;;;;6541.0;239.875
1;7400;DJEMBES;13414;74;;;;;13415;74;;;;;13414.5;-196.9375
1;7400;KELP;2032;27;;;;;2035;28;;;;;2033.5;14.7308349609375
1;7500;CROISSANTS;4270;115;;;;;4271;59;4272;56;;;4270.5;-656.375
1;7500;JAMS;6540;56;6539;132;;;6541;56;6542;132;;;6540.5;298.5
1;7500;KELP;2032;21;;;;;2035;21;;;;;2033.5;14.6605224609375
1;7500;RAINFOREST_RESIN;9995;21;;;;;10005;21;;;;;10000.0;84.0
1;7500;DJEMBES;13414;64;;;;;13415;64;;;;;13414.5;-202.71875
1;7500;PICNIC_BASKET2;30227;26;;;;;30233;11;30234;15;;;30230.0;-1498.5
1;7500;PICNIC_BASKET1;58652;26;;;;;58663;11;58664;15;;;58657.5;-2056.75
1;7500;SQUID_INK;1858;21;;;;;1862;21;;;;;1860.0;-918.06640625
1;7600;PICNIC_BASKET2;30224;15;30223;24;;;30229;1;30230;38;;;30226.5;-1750.125
1;7600;PICNIC_BASKET1;58649;1;58648;14;58647;24;58658;1;58659;14;58660;24;58653.5;-2285.75
1;7600;SQUID_INK;1859;31;;;;;1862;31;;;;;1860.5;-933.3984375
1;7600;CROISSANTS;4270;138;;;;;4271;41;4272;97;;;4270.5;-674.75
1;7600;JAMS;6539;248;;;;;6541;248;;;;;6540.0;359.9375
1;7600;DJEMBES;13413;24;13412;38;;;13414;62;;;;;13413.5;-240.1875
1;7600;KELP;2032;31;;;;;2035;31;;;;;2033.5;14.7109375
1;7600;RAINFOREST_RESIN;9998;2;9996;1;9995;30;10004;1;10005;30;;;10001.0;84.0
1;7700;RAINFOREST_RESIN;9995;25;;;;;9998;1;10002;3;10005;25;9996.5;84.0
1;7700;DJEMBES;13413;59;;;;;13415;59;;;;;13414.0;-217.9375
1;7700;PICNIC_BASKET2;30227;12;30226;24;;;30233;36;;;;;30230.0;-1559.75
1;7700;PICNIC_BASKET1;58652;12;58651;24;;;58663;12;58664;24;;;58657.5;-2084.5
1;7700;SQUID_INK;1858;25;;;;;1862;25;;;;;1860.0;-918.27734375
1;7700;CROISSANTS;4270;160;;;;;4272;160;;;;;4271.0;-630.75
1;7700;JAMS;6539;199;;;;;6541;199;;;;;6540.0;351.8125
1;7700;KELP;2032;25;;;;;2035;25;;;;;2033.5;14.710693359375
1;7800;RAINFOREST_RESIN;9995;22;;;;;10002;1;10005;22;;;9998.5;86.0
1;7800;PICNIC_BASKET2;30225;11;30224;16;;;30231;27;;;;;30228.0;-1695.125
1;7800;PICNIC_BASKET1;58646;11;58645;16;;;58657;11;58658;16;;;58651.5;-2439.25
1;7800;SQUID_INK;1860;1;1858;22;;;1861;22;;;;;1860.5;-916.62109375
1;7800;CROISSANTS;4270;130;;;;;4271;41;4272;89;;;4270.5;-652.25
1;7800;JAMS;6538;192;;;;;6540;192;;;;;6539.0;441.75
1;7800;DJEMBES;13413;63;;;;;13415;63;;;;;13414.0;-221.9375
1;7800;KELP;2034;1;2032;22;;;2035;22;;;;;2034.5;14.72998046875
1;7900;CROISSANTS;4270;150;;;;;4271;55;4272;95;;;4270.5;-655.5
1;7900;JAMS;6539;95;6538;196;;;6540;95;6541;196;;;6539.5;308.25
1;7900;KELP;2032;24;;;;;2034;1;2035;24;;;2033.0;15.0
1;7900;RAINFOREST_RESIN;9996;1;9995;23;;;10004;1;10005;23;;;10000.0;86.0
1;7900;DJEMBES;13413;55;;;;;13415;55;;;;;13414.0;-215.875
1;7900;PICNIC_BASKET2;30225;1;30224;31;;;30230;13;30231;19;;;30227.5;-1711.0
1;7900;PICNIC_BASKET1;58646;1;58645;12;58644;19;58655;1;58656;12;58657;19;58650.5;-2489.25
1;7900;SQUID_INK;1858;1;1857;23;;;1859;1;1861;24;;;1858.5;-887.015625
1;8000;PICNIC_BASKET2;30221;47;;;;;30228;47;;;;;30224.5;-1893.0
1;8000;PICNIC_BASKET1;58640;17;58639;30;;;58651;17;58652;30;;;58645.5;-2775.5
1;8000;SQUID_INK;1856;22;;;;;1859;22;;;;;1857.5;-825.8671875
1;8000;JAMS;6538;196;;;;;6540;196;;;;;6539.0;260.5
1;8000;CROISSANTS;4270;136;;;;;4271;50;4272;86;;;4270.5;-652.125
1;8000;DJEMBES;13413;62;;;;;13414;30;13415;32;;;13413.5;-223.3125
1;8000;KELP;2032;22;;;;;2035;22;;;;;2033.5;15.0
1;8000;RAINFOREST_RESIN;9995;22;;;;;10002;8;10005;22;;;9998.5;86.0
1;8100;DJEMBES;13414;11;13413;56;;;13415;56;;;;;13414.5;-210.5
1;8100;SQUID_INK;1858;31;;;;;1861;31;;;;;1859.5;-890.19140625
1;8100;JAMS;6538;251;;;;;6540;251;;;;;6539.0;254.4375
1;8100;CROISSANTS;4270;144;;;;;4271;60;4272;84;;;4270.5;-674.625
1;8100;PICNIC_BASKET1;58642;1;58641;11;58640;15;58651;1;58652;11;58653;15;58646.5;-2707.5
1;8100;PICNIC_BASKET2;30220;12;30219;15;;;30225;1;30226;26;;;30222.5;-1995.5
1;8100;KELP;2032;31;;;;;2035;31;;;;;2033.5;15.0
1;8100;RAINFOREST_RESIN;9996;1;9995;30;;;10004;1;10005;30;;;10000.0;86.0
1;8200;PICNIC_BASKET1;58642;14;58641;29;;;58653;14;58654;29;;;58647.5;-2648.25
1;8200;PICNIC_BASKET2;30220;14;30219;29;;;30226;43;;;;;30223.0;-1988.125
1;8200;SQUID_INK;1857;24;;;;;1859;7;1860;24;;;1858.0;-883.779296875
1;8200;RAINFOREST_RESIN;9995;24;;;;;10005;24;;;;;10000.0;86.0
1;8200;CROISSANTS;4270;109;;;;;4272;109;;;;;4271.0;-630.125
1;8200;JAMS;6538;259;;;;;6540;259;;;;;6539.0;231.3125
1;8200;DJEMBES;13412;29;13411;37;;;13413;66;;;;;13412.5;-305.375
1;8200;KELP;2032;24;;;;;2034;7;2035;24;;;2033.0;15.0
1;8300;CROISSANTS;4270;102;;;;;4271;48;4272;54;;;4270.5;-677.75
1;8300;JAMS;6538;224;;;;;6540;213;;;;;6539.0;250.8125
1;8300;PICNIC_BASKET1;58641;1;58640;14;58639;30;58650;1;58651;14;58652;30;58645.5;-2783.75
1;8300;PICNIC_BASKET2;30220;1;30219;44;;;30225;15;30226;30;;;30222.5;-2037.0
1;8300;KELP;2032;32;;;;;2035;24;;;;;2033.5;15.0
1;8300;RAINFOREST_RESIN;9996;1;9995;23;;;10004;1;10005;23;;;10000.0;86.0
1;8300;DJEMBES;13410;30;13409;49;;;13411;79;;;;;13410.5;-423.0625
1;8300;SQUID_INK;1857;32;;;;;1860;24;;;;;1858.5;-875.802734375
1;8400;SQUID_INK;1857;24;;;;;1860;24;;;;;1858.5;-875.53125
1;8400;RAINFOREST_RESIN;9996;1;9995;23;;;10004;1;10005;23;;;10000.0;86.0
1;8400;CROISSANTS;4270;137;;;;;4271;59;4272;78;;;4270.5;-676.25
1;8400;JAMS;6538;78;6537;147;;;6539;78;6540;147;;;6538.5;219.875
1;8400;DJEMBES;13410;60;;;;;13412;60;;;;;13411.0;-389.8125
1;8400;KELP;2032;24;;;;;2035;24;;;;;2033.5;15.0
1;8400;PICNIC_BASKET1;58646;1;58645;14;58644;18;58655;1;58656;14;58657;18;58650.5;-2500.25
1;8400;PICNIC_BASKET2;30220;1;30219;32;;;30225;1;30226;32;;;30222.5;-2015.5
1;8500;DJEMBES;13411;63;;;;;13412;63;;;;;13411.5;-361.0
1;8500;CROISSANTS;4270;140;;;;;4271;53;4272;87;;;4270.5;-657.375
1;8500;JAMS;6538;211;;;;;6540;211;;;;;6539.0;224.0625
1;8500;SQUID_INK;1858;21;;;;;1861;21;;;;;1859.5;-887.703125
1;8500;PICNIC_BASKET1;58644;11;58643;18;;;58655;11;58656;18;;;58649.5;-2521.0
1;8500;PICNIC_BASKET2;30221;29;;;;;30227;11;30228;18;;;30224.0;-1916.875
1;8500;KELP;2032;21;;;;;2035;21;;;;;2033.5;15.0
1;8500;RAINFOREST_RESIN;9995;21;;;;;10005;21;;;;;10000.0;86.0
1;8600;SQUID_INK;1857;25;;;;;1860;25;;;;;1858.5;-883.3828125
1;8600;PICNIC_BASKET1;58653;1;58652;14;58651;19;58662;1;58663;14;58664;19;58657.5;-2073.0
1;8600;PICNIC_BASKET2;30226;1;30225;33;;;30231;15;30232;19;;;30228.5;-1644.25
1;8600;RAINFOREST_RESIN;9996;1;9995;24;;;10004;1;10005;24;;;10000.0;86.0
1;8600;KELP;2032;25;;;;;2035;25;;;;;2033.5;15.0
1;8600;CROISSANTS;4270;113;;;;;4271;37;4272;76;;;4270.5;-649.25
1;8600;JAMS;6539;240;;;;;6541;240;;;;;6540.0;339.8125
1;8600;DJEMBES;13411;59;;;;;13412;59;;;;;13411.5;-346.9375
1;8700;KELP;2032;30;;;;;2035;30;;;;;2033.5;15.0
1;8700;CROISSANTS;4270;140;;;;;4271;140;;;;;4270.5;-732.875
1;8700;JAMS;6539;236;;;;;6541;236;;;;;6540.0;336.5
1;8700;SQUID_INK;1856;30;;;;;1860;30;;;;;1858.0;-873.662109375
1;8700;PICNIC_BASKET1;58651;7;58646;14;58645;26;58657;14;58658;26;;;58654.0;-2429.5
1;8700;PICNIC_BASKET2;30227;7;30224;40;;;30230;14;30231;26;;;30228.5;-1728.0
1;8700;RAINFOREST_RESIN;9995;30;;;;;10005;30;;;;;10000.0;86.0
1;8700;DJEMBES;13411;69;;;;;13412;69;;;;;13411.5;-347.875
1;8800;RAINFOREST_RESIN;9998;1;9996;2;9995;22;10004;2;10005;22;;;10001.0;86.0
1;8800;KELP;2032;24;;;;;2035;2;2036;22;;;2033.5;15.0
1;8800;CROISSANTS;4270;115;;;;;4271;115;;;;;4270.5;-749.125
1;8800;JAMS;6540;75;6539;128;;;6541;75;6542;128;;;6540.5;371.5625
1;8800;DJEMBES;13411;63;;;;;13412;63;;;;;13411.5;-350.125
1;8800;SQUID_INK;1857;24;;;;;1860;24;;;;;1858.5;-880.0234375
1;8800;PICNIC_BASKET1;58646;2;58645;14;58644;19;58655;2;58656;14;58657;19;58650.5;-2470.0
1;8800;PICNIC_BASKET2;30222;16;30221;19;;;30227;2;30228;33;;;30224.5;-1854.0
1;8900;DJEMBES;13412;46;;;;;13413;15;13414;31;;;13412.5;-275.4375
1;8900;KELP;2032;29;;;;;2035;2;2036;27;;;2033.5;15.0
1;8900;CROISSANTS;4270;133;;;;;4271;133;;;;;4270.5;-756.375
1;8900;JAMS;6539;185;;;;;6541;185;;;;;6540.0;341.046875
1;8900;SQUID_INK;1856;29;;;;;1859;29;;;;;1857.5;-869.646484375
1;8900;PICNIC_BASKET1;58657;3;58648;14;58647;15;58658;2;58659;27;;;58657.5;-2339.0
1;8900;PICNIC_BASKET2;30224;3;30220;2;30219;27;30225;14;30226;15;;;30224.5;-1997.125
1;8900;RAINFOREST_RESIN;9996;2;9995;27;;;10004;2;10005;27;;;10000.0;86.0
1;9000;SQUID_INK;1856;20;;;;;1858;2;1859;20;;;1857.0;-871.529296875
1;9000;PICNIC_BASKET1;58652;1;58647;48;;;58658;20;58659;28;;;58655.0;-2338.5
1;9000;PICNIC_BASKET2;30222;1;30220;20;30219;28;30226;20;30227;28;;;30224.0;-1983.5
1;9000;RAINFOREST_RESIN;9995;20;;;;;10005;20;;;;;10000.0;86.0
1;9000;KELP;2032;20;;;;;2034;2;2036;20;;;2033.0;15.0
1;9000;CROISSANTS;4270;125;;;;;4271;125;;;;;4270.5;-757.875
1;9000;JAMS;6539;269;;;;;6541;269;;;;;6540.0;343.640625
1;9000;DJEMBES;13411;68;;;;;13412;68;;;;;13411.5;-328.75
1;9100;KELP;2032;26;;;;;2036;26;;;;;2034.0;15.0
1;9100;CROISSANTS;4270;99;;;;;4271;104;;;;;4270.5;-775.0
1;9100;SQUID_INK;1855;26;;;;;1858;26;;;;;1856.5;-858.873046875
1;9100;PICNIC_BASKET1;58643;1;58642;13;58641;22;58652;1;58653;13;58654;22;58647.5;-2619.0
1;9100;PICNIC_BASKET2;30224;1;30223;35;;;30229;14;30230;22;;;30226.5;-1744.5
1;9100;JAMS;6539;249;;;;;6541;249;;;;;6540.0;341.6484375
1;9100;RAINFOREST_RESIN;9998;3;9996;1;9995;25;10004;1;10005;25;;;10001.0;86.0
1;9100;DJEMBES;13410;70;;;;;13411;22;13412;48;;;13410.5;-340.3125
1;9200;RAINFOREST_RESIN;9998;2;9995;21;;;10005;21;;;;;10001.5;86.0
1;9200;DJEMBES;13411;29;13410;49;;;13412;78;;;;;13411.5;-328.9375
1;9200;KELP;2032;21;;;;;2034;6;2036;21;;;2033.0;15.0
1;9200;CROISSANTS;4270;110;;;;;4271;38;4272;72;;;4270.5;-662.25
1;9200;JAMS;6539;270;;;;;6541;270;;;;;6540.0;340.265625
1;9200;SQUID_INK;1855;21;;;;;1857;6;1858;21;;;1856.0;-860.7890625
1;9200;PICNIC_BASKET2;30227;17;30226;29;;;30233;46;;;;;30230.0;-1518.5
1;9200;PICNIC_BASKET1;58645;17;58644;29;;;58656;46;;;;;58650.5;-2473.75
1;9300;DJEMBES;13410;65;;;;;13412;65;;;;;13411.0;-336.96875
1;9300;KELP;2034;1;2032;25;;;2036;25;;;;;2035.0;15.0
1;9300;SQUID_INK;1856;1;1854;25;;;1857;25;;;;;1856.5;-857.859375
1;9300;PICNIC_BASKET2;30225;1;30223;2;30222;42;30228;14;30229;30;;;30226.5;-1801.5
1;9300;PICNIC_BASKET1;58651;1;58647;2;58646;12;58656;2;58657;12;58658;30;58653.5;-2415.25
1;9300;CROISSANTS;4270;123;;;;;4271;53;4272;70;;;4270.5;-661.625
1;9300;JAMS;6539;61;6538;178;;;6540;70;6541;178;;;6539.5;334.5234375
1;9300;RAINFOREST_RESIN;9996;2;9995;23;;;10004;2;10005;23;;;10000.0;86.0
1;9400;SQUID_INK;1855;29;;;;;1858;30;;;;;1856.5;-861.5888671875
1;9400;PICNIC_BASKET2;30225;10;30224;26;;;30231;36;;;;;30228.0;-1667.25
1;9400;PICNIC_BASKET1;58643;10;58642;26;;;58654;10;58655;26;;;58648.5;-2561.0
1;9400;RAINFOREST_RESIN;9995;30;;;;;10005;30;;;;;10000.0;86.0
1;9400;DJEMBES;13410;73;;;;;13411;26;13412;47;;;13410.5;-344.375
1;9400;KELP;2032;29;;;;;2036;30;;;;;2034.0;15.0152587890625
1;9400;CROISSANTS;4270;133;;;;;4271;133;;;;;4270.5;-699.375
1;9400;JAMS;6539;88;6538;194;;;6540;88;6541;194;;;6539.5;334.296875
1;9500;KELP;2033;6;2032;28;;;2036;28;;;;;2034.5;15.00732421875
1;9500;SQUID_INK;1853;34;;;;;1856;28;;;;;1854.5;-854.56201171875
1;9500;PICNIC_BASKET2;30224;1;30223;31;;;30229;14;30230;18;;;30226.5;-1747.375
1;9500;PICNIC_BASKET1;58647;1;58646;13;58645;18;58656;1;58657;13;58658;18;58651.5;-2397.75
1;9500;CROISSANTS;4270;128;;;;;4271;39;4272;89;;;4270.5;-673.25
1;9500;JAMS;6538;226;;;;;6540;226;;;;;6539.0;328.2734375
1;9500;RAINFOREST_RESIN;9996;1;9995;27;;;10004;1;10005;27;;;10000.0;86.0
1;9500;DJEMBES;13411;18;13410;47;;;13412;65;;;;;13411.5;-328.25
1;9600;RAINFOREST_RESIN;9998;6;9996;2;9995;30;10004;2;10005;30;;;10001.0;86.0
1;9600;DJEMBES;13411;64;;;;;13412;64;;;;;13411.5;-313.9375
1;9600;KELP;2034;1;2032;32;;;2036;32;;;;;2035.0;15.0574951171875
1;9600;CROISSANTS;4270;100;;;;;4271;44;4272;56;;;4270.5;-682.125
1;9600;JAMS;6538;205;;;;;6540;205;;;;;6539.0;327.0234375
1;9600;SQUID_INK;1857;1;1855;32;;;1858;32;;;;;1857.5;-861.658203125
1;9600;PICNIC_BASKET2;30225;2;30224;28;;;30230;12;30231;18;;;30227.5;-1693.0
1;9600;PICNIC_BASKET1;58648;2;58647;10;58646;18;58657;2;58658;10;58659;18;58652.5;-2346.0
1;9700;DJEMBES;13412;68;;;;;13414;68;;;;;13413.0;-257.125
1;9700;SQUID_INK;1855;29;;;;;1858;27;;;;;1856.5;-862.03125
1;9700;KELP;2033;2;2032;27;;;2036;27;;;;;2034.5;14.9150390625
1;9700;PICNIC_BASKET2;30222;20;30221;25;;;30227;1;30228;44;;;30224.5;-1827.0
1;9700;PICNIC_BASKET1;58653;1;58652;19;58651;25;58662;1;58663;19;58664;25;58657.5;-2123.25
1;9700;CROISSANTS;4270;97;;;;;4271;97;;;;;4270.5;-710.875
1;9700;JAMS;6538;183;;;;;6539;54;6540;129;;;6538.5;322.625
1;9700;RAINFOREST_RESIN;9996;1;9995;26;;;10004;1;10005;26;;;10000.0;86.0
1;9800;SQUID_INK;1855;30;;;;;1857;2;1858;30;;;1856.0;-862.0048828125
1;9800;PICNIC_BASKET2;30222;11;30221;30;;;30227;1;30228;40;;;30224.5;-1829.125
1;9800;PICNIC_BASKET1;58646;1;58645;10;58644;30;58655;1;58656;10;58657;30;58650.5;-2463.25
1;9800;RAINFOREST_RESIN;9996;1;9995;29;;;9998;1;10002;8;10004;1;9997.0;86.0
1;9800;DJEMBES;13413;61;;;;;13415;61;;;;;13414.0;-347.90625
1;9800;KELP;2032;30;;;;;2034;2;2036;30;;;2033.0;14.977783203125
1;9800;CROISSANTS;4270;130;;;;;4271;130;;;;;4270.5;-701.5
1;9800;JAMS;6538;95;6537;130;;;6539;225;;;;;6538.5;282.0
1;9900;SQUID_INK;1858;31;;;;;1859;5;1861;31;;;1858.5;-877.3828125
1;9900;KELP;2032;31;;;;;2034;5;2036;31;;;2033.0;14.873291015625
1;9900;PICNIC_BASKET2;30225;22;30224;28;;;30230;2;30231;48;;;30227.5;-1656.375
1;9900;PICNIC_BASKET1;58643;2;58642;20;58641;28;58652;2;58653;20;58654;28;58647.5;-2606.75
1;9900;CROISSANTS;4270;104;;;;;4271;104;;;;;4270.5;-745.625
1;9900;JAMS;6538;254;;;;;6540;254;;;;;6539.0;337.34375
1;9900;RAINFOREST_RESIN;9998;2;9996;2;9995;29;10000;6;10004;2;10005;29;9999.0;88.0
1;9900;DJEMBES;13413;71;;;;;13414;28;13415;43;;;13413.5;-368.5625
1;10000;RAINFOREST_RESIN;9995;23;;;;;10002;1;10005;23;;;9998.5;88.0
1;10000;DJEMBES;13412;59;;;;;13414;59;;;;;13413.0;-320.5
1;10000;KELP;2033;7;2032;23;;;2036;23;;;;;2034.5;14.5869140625
1;10000;CROISSANTS;4270;147;;;;;4271;55;4272;92;;;4270.5;-682.75
1;10000;JAMS;6538;289;;;;;6540;289;;;;;6539.0;332.125
1;10000;SQUID_INK;1857;7;1856;23;;;1859;23;;;;;1858.0;-859.9140625
1;10000;PICNIC_BASKET2;30224;43;;;;;30230;14;30231;29;;;30227.0;-1691.25
1;10000;PICNIC_BASKET1;58642;14;58641;29;;;58653;14;58654;29;;;58647.5;-2583.0
1;10100;DJEMBES;13410;67;;;;;13411;26;13412;41;;;13410.5;-190.3125
1;10100;SQUID_INK;1857;22;;;;;1860;22;;;;;1858.5;-893.390625
1;10100;KELP;2033;22;;;;;2036;22;;;;;2034.5;14.43994140625
1;10100;PICNIC_BASKET2;30225;38;;;;;30231;12;30232;26;;;30228.0;-1646.375
1;10100;PICNIC_BASKET1;58643;38;;;;;58654;12;58655;26;;;58648.5;-2527.5
1;10100;CROISSANTS;4270;120;;;;;4271;120;;;;;4270.5;-703.75
1;10100;JAMS;6538;240;;;;;6540;240;;;;;6539.0;328.71875
1;10100;RAINFOREST_RESIN;9995;22;;;;;10005;22;;;;;10000.0;88.0
1;10200;SQUID_INK;1857;25;;;;;1860;25;;;;;1858.5;-897.28125
1;10200;PICNIC_BASKET2;30228;2;30227;49;;;30233;22;30234;29;;;30230.5;-1528.625
1;10200;PICNIC_BASKET1;58643;2;58642;20;58641;29;58652;2;58653;20;58654;29;58647.5;-2597.0
1;10200;RAINFOREST_RESIN;9996;2;9995;23;;;10002;1;10004;2;10005;23;9999.0;88.0
1;10200;DJEMBES;13410;76;;;;;13412;76;;;;;13411.0;-205.21875
1;10200;KELP;2033;25;;;;;2036;25;;;;;2034.5;14.553955078125
1;10200;CROISSANTS;4270;126;;;;;4271;126;;;;;4270.5;-749.75
1;10200;JAMS;6538;279;;;;;6540;279;;;;;6539.0;312.5625
1;10300;SQUID_INK;1858;21;;;;;1861;21;;;;;1859.5;-912.2578125
1;10300;PICNIC_BASKET1;58642;18;58641;27;;;58647;4;58653;45;;;58644.5;-2615.0
1;10300;PICNIC_BASKET2;30227;18;30226;27;;;30229;4;30233;45;;;30228.0;-1558.375
1;10300;KELP;2033;21;;;;;2036;21;;;;;2034.5;14.474365234375
1;10300;JAMS;6538;200;;;;;6540;200;;;;;6539.0;339.0625
1;10300;CROISSANTS;4270;113;;;;;4271;113;;;;;4270.5;-708.75
1;10300;RAINFOREST_RESIN;9995;21;;;;;10005;21;;;;;10000.0;88.0
1;10300;DJEMBES;13410;59;;;;;13412;59;;;;;13411.0;-280.125
1;10400;RAINFOREST_RESIN;9995;21;;;;;10005;21;;;;;10000.0;88.0
1;10400;DJEMBES;13410;69;;;;;13411;19;13412;50;;;13410.5;-290.1875
1;10400;KELP;2033;21;;;;;2036;21;;;;;2034.5;14.311279296875
1;10400;CROISSANTS;4270;118;;;;;4272;118;;;;;4271.0;-606.5
1;10400;JAMS;6538;185;;;;;6540;185;;;;;6539.0;331.21875
1;10400;SQUID_INK;1856;21;;;;;1859;21;;;;;1857.5;-864.3515625
1;10400;PICNIC_BASKET1;58644;18;58643;19;;;58655;18;58656;19;;;58649.5;-2488.25
1;10400;PICNIC_BASKET2;30230;37;;;;;30236;18;30237;19;;;30233.0;-1386.875
1;10500;DJEMBES;13410;62;;;;;13412;62;;;;;13411.0;-273.8125
1;10500;SQUID_INK;1856;36;;;;;1859;29;;;;;1857.5;-856.78125
1;10500;PICNIC_BASKET1;58645;20;58644;22;;;58656;20;58657;22;;;58650.5;-2441.0
1;10500;PICNIC_BASKET2;30232;20;30231;22;;;30238;42;;;;;30235.0;-1483.15625
1;10500;KELP;2033;36;;;;;2036;29;;;;;2034.5;14.350341796875
1;10500;CROISSANTS;4270;155;;;;;4272;155;;;;;4271.0;-625.75
1;10500;JAMS;6539;105;6538;153;;;6540;246;;;;;6539.5;349.875
1;10500;RAINFOREST_RESIN;9995;29;;;;;10002;1;10005;29;;;9998.5;88.0
1;10600;SQUID_INK;1857;4;1856;27;;;1858;6;1859;27;;;1857.5;-857.7109375
1;10600;PICNIC_BASKET1;58645;1;58644;19;58643;16;58654;1;58655;19;58656;16;58649.5;-2473.5
1;10600;PICNIC_BASKET2;30230;1;30229;35;;;30235;1;30236;35;;;30232.5;-1522.96875
1;10600;RAINFOREST_RESIN;10000;4;9996;1;9995;26;10002;4;10004;1;10005;26;10001.0;88.0
1;10600;DJEMBES;13410;59;;;;;13411;16;13412;43;;;13410.5;-287.875
1;10600;KELP;2034;4;2033;27;;;2035;6;2036;27;;;2034.5;14.329345703125
1;10600;CROISSANTS;4270;107;;;;;4271;107;;;;;4270.5;-714.625
1;10600;JAMS;6539;51;6538;102;;;6540;51;6541;102;;;6539.5;356.09375
1;10700;SQUID_INK;1857;23;;;;;1860;22;;;;;1858.5;-880.55859375
1;10700;PICNIC_BASKET1;58636;1;58635;12;58634;27;58645;1;58646;12;58647;27;58640.5;-2964.5
1;10700;PICNIC_BASKET2;30228;13;30227;27;;;30234;40;;;;;30231.0;-1513.4375
1;10700;KELP;2033;23;;;;;2036;22;;;;;2034.5;14.247802734375
1;10700;CROISSANTS;4270;127;;;;;4271;47;4272;80;;;4270.5;-673.75
1;10700;JAMS;6538;80;6537;147;;;6539;80;6540;147;;;6538.5;303.46875
1;10700;RAINFOREST_RESIN;9996;1;9995;21;;;10004;1;10005;21;;;10000.0;88.0
1;10700;DJEMBES;13410;63;;;;;13411;27;13412;36;;;13410.5;-288.875
1;10800;RAINFOREST_RESIN;9996;2;9995;23;;;10004;2;10005;23;;;10000.0;88.0
1;10800;DJEMBES;13410;78;;;;;13411;28;13412;50;;;13410.5;-288.5625
1;10800;CROISSANTS;4270;123;;;;;4271;59;4272;64;;;4270.5;-643.625
1;10800;JAMS;6538;189;;;;;6540;189;;;;;6539.0;290.25
1;10800;KELP;2035;1;2033;33;;;2036;25;;;;;2035.5;14.326904296875
1;10800;PICNIC_BASKET1;58638;2;58637;18;58636;28;58647;2;58648;18;58649;28;58642.5;-2864.5
1;10800;PICNIC_BASKET2;30227;20;30226;28;;;30232;2;30233;46;;;30229.5;-1505.828125
1;10800;SQUID_INK;1858;1;1857;8;1856;25;1859;25;;;;;1858.5;-863.140625
1;10900;DJEMBES;13410;72;;;;;13411;72;;;;;13410.5;-302.375
1;10900;KELP;2033;32;;;;;2036;32;;;;;2034.5;15.0234375
1;10900;PICNIC_BASKET1;58640;2;58639;12;58638;25;58649;2;58650;12;58651;25;58644.5;-2767.25
1;10900;PICNIC_BASKET2;30232;2;30231;37;;;30237;2;30238;37;;;30234.5;-1530.265625
1;10900;CROISSANTS;4270;150;;;;;4271;55;4272;95;;;4270.5;-675.75
1;10900;JAMS;6539;217;;;;;6541;217;;;;;6540.0;485.75
1;10900;SQUID_INK;1860;2;1859;30;;;1863;32;;;;;1861.5;-963.40234375
1;10900;RAINFOREST_RESIN;9998;10;9996;2;9995;30;10004;2;10005;30;;;10001.0;88.0
1;11000;KELP;2033;25;;;;;2036;25;;;;;2034.5;15.1142578125
1;11000;PICNIC_BASKET1;58638;1;58637;10;58636;27;58647;1;58648;10;58649;27;58642.5;-2862.75
1;11000;PICNIC_BASKET2;30229;11;30228;27;;;30234;1;30235;37;;;30231.5;-1519.40625
1;11000;SQUID_INK;1864;1;1863;24;;;1867;25;;;;;1865.5;-1099.609375
1;11000;RAINFOREST_RESIN;9996;1;9995;24;;;10004;1;10005;24;;;10000.0;88.0
1;11000;DJEMBES;13408;73;;;;;13409;73;;;;;13408.5;-418.5625
1;11000;CROISSANTS;4270;132;;;;;4271;132;;;;;4270.5;-735.75
1;11000;JAMS;6540;77;6539;101;;;6541;77;6542;101;;;6540.5;540.8125
1;11100;PICNIC_BASKET1;58638;2;58637;38;;;58648;16;58649;24;;;58643.0;-2834.0
1;11100;PICNIC_BASKET2;30228;2;30227;38;;;30233;2;30234;38;;;30230.5;-1513.984375
1;11100;CROISSANTS;4270;60;4269;64;;;4271;124;;;;;4270.5;-785.25
1;11100;JAMS;6540;64;6539;179;;;6541;64;6542;179;;;6540.5;513.21875
1;11100;SQUID_INK;1864;27;;;;;1866;8;1867;27;;;1865.0;-1107.9375
1;11100;RAINFOREST_RESIN;9996;2;9995;25;;;10004;2;10005;25;;;10000.0;88.0
1;11100;DJEMBES;13409;24;13408;30;;;13410;54;;;;;13409.5;-384.4375
1;11100;KELP;2033;2;2032;25;;;2035;8;2036;27;;;2034.0;15.38525390625
1;11200;RAINFOREST_RESIN;9996;1;9995;26;;;10004;1;10005;26;;;10000.0;88.0
1;11200;DJEMBES;13409;18;13408;47;;;13410;65;;;;;13409.5;-383.5625
1;11200;CROISSANTS;4270;63;4269;50;;;4271;113;;;;;4270.5;-791.0
1;11200;JAMS;6541;196;;;;;6543;196;;;;;6542.0;484.34375
1;11200;KELP;2032;27;;;;;2036;27;;;;;2034.0;15.65625
1;11200;PICNIC_BASKET1;58640;21;58639;18;;;58650;1;58651;38;;;58645.0;-2719.0
1;11200;PICNIC_BASKET2;30228;1;30227;38;;;30233;21;30234;18;;;30230.5;-1512.4765625
1;11200;SQUID_INK;1863;27;;;;;1866;27;;;;;1864.5;-1105.40625
1;11300;DJEMBES;13409;49;;;;;13410;18;13411;31;;;13409.5;-352.5
1;11300;KELP;2032;29;;;;;2036;29;;;;;2034.0;15.59521484375
1;11300;PICNIC_BASKET1;58637;13;58636;18;;;58648;13;58649;18;;;58642.5;-2874.25
1;11300;PICNIC_BASKET2;30230;31;;;;;30237;31;;;;;30233.5;-1526.2421875
1;11300;CROISSANTS;4270;44;4269;74;;;4271;118;;;;;4270.5;-814.0
1;11300;JAMS;6541;227;;;;;6543;227;;;;;6542.0;331.875
1;11300;SQUID_INK;1862;29;;;;;1865;29;;;;;1863.5;-1019.6015625
1;11300;RAINFOREST_RESIN;9995;29;;;;;9998;1;10005;29;;;9996.5;88.0
1;11400;JAMS;6540;281;;;;;6542;281;;;;;6541.0;455.375
1;11400;KELP;2033;6;2032;22;;;2036;22;;;;;2034.5;15.353515625
1;11400;PICNIC_BASKET2;30233;29;;;;;30239;12;30240;17;;;30236.0;-1537.0234375
1;11400;PICNIC_BASKET1;58634;12;58633;17;;;58645;12;58646;17;;;58639.5;-2998.25
1;11400;SQUID_INK;1858;28;;;;;1861;22;;;;;1859.5;-834.2109375
1;11400;RAINFOREST_RESIN;10002;1;9995;22;;;10005;22;;;;;10003.5;90.0
1;11400;DJEMBES;13409;17;13408;40;;;13410;57;;;;;13409.5;-381.375
1;11400;CROISSANTS;4270;41;4269;91;;;4271;132;;;;;4270.5;-801.5
1;11500;PICNIC_BASKET2;30234;16;30233;15;;;30240;31;;;;;30237.0;-1646.375
1;11500;PICNIC_BASKET1;58633;16;58632;15;;;58644;16;58645;15;;;58638.5;-3075.0
1;11500;SQUID_INK;1857;6;1856;27;;;1860;27;;;;;1858.5;-829.47265625
1;11500;RAINFOREST_RESIN;9995;27;;;;;10005;27;;;;;10000.0;92.0
1;11500;CROISSANTS;4269;156;;;;;4271;156;;;;;4270.0;-844.0
1;11500;JAMS;6540;209;;;;;6542;209;;;;;6541.0;473.625
1;11500;DJEMBES;13409;15;13408;32;;;13410;47;;;;;13409.5;-379.625
1;11500;KELP;2033;33;;;;;2036;27;;;;;2034.5;15.2958984375
1;11600;RAINFOREST_RESIN;9998;6;9996;1;9995;30;10004;1;10005;30;;;10001.0;92.0
1;11600;DJEMBES;13409;3;13408;57;;;13410;57;;;;;13409.5;-390.625
1;11600;CROISSANTS;4269;110;;;;;4270;37;4271;73;;;4269.5;-888.0
1;11600;JAMS;6540;269;;;;;6542;269;;;;;6541.0;458.625
1;11600;KELP;2033;1;2032;30;;;2036;31;;;;;2034.5;15.41796875
1;11600;PICNIC_BASKET2;30236;41;;;;;30242;18;30243;23;;;30239.0;-1806.25
1;11600;PICNIC_BASKET1;58631;1;58630;40;;;58641;18;58642;23;;;58636.0;-3204.25
1;11600;SQUID_INK;1858;31;;;;;1861;31;;;;;1859.5;-884.7474365234375
1;11700;CROISSANTS;4269;151;;;;;4270;51;4271;100;;;4269.5;-909.625
1;11700;JAMS;6541;100;6540;102;;;6542;100;6543;102;;;6541.5;414.0
1;11700;DJEMBES;13409;50;;;;;13410;50;;;;;13409.5;-375.0
1;11700;KELP;2033;1;2032;22;;;2034;3;2036;23;;;2033.5;15.44873046875
1;11700;PICNIC_BASKET2;30241;1;30240;32;;;30246;16;30247;17;;;30243.5;-2319.25
1;11700;PICNIC_BASKET1;58629;1;58628;15;58627;17;58638;1;58639;15;58640;17;58633.5;-3337.5
1;11700;SQUID_INK;1857;23;;;;;1858;3;1860;23;;;1857.5;-883.2554931640625
1;11700;RAINFOREST_RESIN;9996;1;9995;22;;;10000;2;10004;1;10005;22;9998.0;92.0
1;11800;CROISSANTS;4269;106;;;;;4270;38;4271;68;;;4269.5;-888.0
1;11800;JAMS;6541;68;6540;141;;;6542;68;6543;141;;;6541.5;394.25
1;11800;KELP;2033;2;2032;25;;;2036;27;;;;;2034.5;16.0
1;11800;PICNIC_BASKET2;30241;13;30240;22;;;30246;2;30247;33;;;30243.5;-2354.0
1;11800;PICNIC_BASKET1;58627;2;58626;11;58625;22;58636;2;58637;11;58638;22;58631.5;-3456.5
1;11800;SQUID_INK;1857;27;;;;;1860;27;;;;;1858.5;-881.31982421875
1;11800;RAINFOREST_RESIN;9996;2;9995;25;;;10004;2;10005;25;;;10000.0;92.0
1;11800;DJEMBES;13410;22;13409;32;;;13411;54;;;;;13410.5;-317.9375
1;11900;PICNIC_BASKET2;30238;13;30237;17;;;30244;30;;;;;30241.0;-2101.25
1;11900;PICNIC_BASKET1;58626;1;58625;12;58624;17;58635;1;58636;12;58637;17;58630.5;-3486.5
1;11900;SQUID_INK;1858;8;1856;21;;;1859;21;;;;;1858.5;-883.4404296875
1;11900;RAINFOREST_RESIN;9996;1;9995;20;;;10004;1;10005;20;;;10000.0;92.0
1;11900;CROISSANTS;4269;127;;;;;4270;36;4271;91;;;4269.5;-895.25
1;11900;JAMS;6541;91;6540;155;;;6542;91;6543;155;;;6541.5;380.125
1;11900;DJEMBES;13410;54;;;;;13411;17;13412;37;;;13410.5;-308.53125
1;11900;KELP;2034;8;2032;21;;;2036;21;;;;;2035.0;16.0
1;12000;RAINFOREST_RESIN;9996;2;9995;22;;;9998;1;10004;2;10005;22;9997.0;92.0
1;12000;DJEMBES;13410;64;;;;;13412;64;;;;;13411.0;-352.828125
1;12000;CROISSANTS;4269;98;;;;;4271;98;;;;;4270.0;-853.75
1;12000;JAMS;6541;60;6540;157;;;6542;60;6543;157;;;6541.5;403.875
1;12000;KELP;2033;2;2032;22;;;2036;24;;;;;2034.5;16.0
1;12000;PICNIC_BASKET2;30239;2;30238;39;;;30244;13;30245;28;;;30241.5;-2122.0
1;12000;PICNIC_BASKET1;58632;2;58631;11;58630;28;58641;2;58642;11;58643;28;58636.5;-3185.25
1;12000;SQUID_INK;1855;24;;;;;1858;24;;;;;1856.5;-886.527099609375
1;12100;CROISSANTS;4269;140;;;;;4271;140;;;;;4270.0;-866.25
1;12100;JAMS;6541;94;6540;173;;;6542;94;6543;173;;;6541.5;383.5
1;12100;DJEMBES;13413;78;;;;;13415;78;;;;;13414.0;-399.234375
1;12100;KELP;2032;24;;;;;2034;8;2036;24;;;2033.0;16.0
1;12100;PICNIC_BASKET2;30234;41;;;;;30240;11;30241;30;;;30237.0;-1727.75
1;12100;PICNIC_BASKET1;58639;41;;;;;58650;11;58651;30;;;58644.5;-2728.75
1;12100;SQUID_INK;1853;24;;;;;1855;8;1856;24;;;1854.0;-973.4609375
1;12100;RAINFOREST_RESIN;9995;24;;;;;9998;2;10005;24;;;9996.5;94.0
1;12200;CROISSANTS;4269;85;;;;;4271;85;;;;;4270.0;-872.125
1;12200;JAMS;6542;189;;;;;6544;189;;;;;6543.0;66.0
1;12200;KELP;2033;7;2032;25;;;2036;25;;;;;2034.5;16.18359375
1;12200;PICNIC_BASKET2;30238;1;30237;33;;;30243;13;30244;21;;;30240.5;-2020.0
1;12200;PICNIC_BASKET1;58644;1;58643;12;58642;21;58653;1;58654;12;58655;21;58648.5;-2931.1875
1;12200;SQUID_INK;1856;7;1855;25;;;1859;25;;;;;1857.5;-892.671875
1;12200;RAINFOREST_RESIN;9996;1;9995;24;;;10002;3;10004;1;10005;24;9999.0;98.0
1;12200;DJEMBES;13414;21;13413;39;;;13415;60;;;;;13414.5;-454.0
1;12300;PICNIC_BASKET2;30238;1;30236;1;30235;37;30241;12;30242;26;;;30239.5;-1863.25
1;12300;PICNIC_BASKET1;58647;1;58643;1;58642;11;58652;1;58653;11;58654;26;58649.5;-2946.4375
1;12300;SQUID_INK;1856;21;;;;;1857;3;1859;21;;;1856.5;-872.9765625
1;12300;RAINFOREST_RESIN;9996;1;9995;20;;;10004;1;10005;20;;;10000.0;98.0
1;12300;CROISSANTS;4269;146;;;;;4270;63;4271;83;;;4269.5;-914.375
1;12300;JAMS;6543;83;6542;193;;;6544;83;6545;193;;;6543.5;-280.75
1;12300;DJEMBES;13414;26;13413;45;;;13415;71;;;;;13414.5;-457.5
1;12300;KELP;2032;21;;;;;2033;3;2035;21;;;2032.5;14.232421875
1;12400;RAINFOREST_RESIN;9996;1;9995;28;;;10004;1;10005;28;;;10000.0;98.0
1;12400;DJEMBES;13414;56;;;;;13415;56;;;;;13414.5;-481.125
1;12400;CROISSANTS;4269;141;;;;;4270;141;;;;;4269.5;-1026.625
1;12400;JAMS;6543;96;6542;121;;;6544;96;6545;121;;;6543.5;-267.75
1;12400;KELP;2032;28;;;;;2036;29;;;;;2034.0;18.720703125
1;12400;PICNIC_BASKET2;30234;21;30233;16;;;30239;1;30240;36;;;30236.5;-1704.0
1;12400;PICNIC_BASKET1;58638;1;58637;20;58636;16;58647;1;58648;20;58649;16;58642.5;-2996.8125
1;12400;SQUID_INK;1857;28;;;;;1860;29;;;;;1858.5;-830.88671875
1;12500;JAMS;6543;97;6542;107;;;6544;97;6545;107;;;6543.5;-280.75
1;12500;CROISSANTS;4269;55;4268;97;;;4270;152;;;;;4269.5;-1058.5
1;12500;DJEMBES;13414;64;;;;;13415;29;13416;35;;;13414.5;-496.125
1;12500;KELP;2032;24;;;;;2035;2;2036;22;;;2033.5;16.953125
1;12500;SQUID_INK;1857;24;;;;;1860;24;;;;;1858.5;-883.34375
1;12500;RAINFOREST_RESIN;9996;2;9995;22;;;10004;2;10005;22;;;10000.0;98.0
1;12500;PICNIC_BASKET1;58638;2;58637;18;58636;29;58647;2;58648;18;58649;29;58642.5;-2997.0
1;12500;PICNIC_BASKET2;30231;2;30230;47;;;30236;2;30237;47;;;30233.5;-1426.25
1;12600;CROISSANTS;4267;118;;;;;4268;118;;;;;4267.5;-1489.375
1;12600;JAMS;6542;214;;;;;6544;214;;;;;6543.0;-173.25
1;12600;PICNIC_BASKET1;58628;2;58627;10;58626;20;58637;2;58638;10;58639;20;58632.5;-3094.25
1;12600;PICNIC_BASKET2;30224;12;30223;20;;;30230;12;30231;20;;;30227.0;-867.25
1;12600;KELP;2033;2;2032;30;;;2036;30;;;;;2034.5;18.396484375
1;12600;SQUID_INK;1858;32;;;;;1861;30;;;;;1859.5;-877.6591796875
1;12600;DJEMBES;13414;60;;;;;13415;60;;;;;13414.5;-481.625
1;12600;RAINFOREST_RESIN;9996;2;9995;28;;;10004;2;10005;28;;;10000.0;98.0
1;12700;SQUID_INK;1856;24;;;;;1859;24;;;;;1857.5;-890.2392578125
1;12700;RAINFOREST_RESIN;9996;1;9995;23;;;9998;3;10004;1;10005;23;9997.0;98.0
1;12700;PICNIC_BASKET1;58623;1;58622;14;58621;18;58632;1;58633;14;58634;18;58627.5;-3164.375
1;12700;PICNIC_BASKET2;30226;15;30225;18;;;30231;1;30232;32;;;30228.5;-1042.5
1;12700;CROISSANTS;4267;147;;;;;4268;147;;;;;4267.5;-1523.875
1;12700;JAMS;6542;262;;;;;6544;262;;;;;6543.0;-172.75
1;12700;DJEMBES;13415;18;13414;37;;;13416;55;;;;;13415.5;-515.8125
1;12700;KELP;2032;24;;;;;2035;24;;;;;2033.5;16.51953125
1;12800;DJEMBES;13417;72;;;;;13418;22;13419;50;;;13417.5;-668.8125
1;12800;RAINFOREST_RESIN;9998;4;9996;1;9995;23;10004;1;10005;23;;;10001.0;104.0
1;12800;CROISSANTS;4268;63;4267;53;;;4269;116;;;;;4268.5;-1311.25
1;12800;JAMS;6542;181;;;;;6544;181;;;;;6543.0;-129.0
1;12800;PICNIC_BASKET1;58631;4;58627;1;58626;19;58636;1;58637;19;58638;22;58633.5;-3114.125
1;12800;PICNIC_BASKET2;30234;4;30231;42;;;30237;20;30238;22;;;30235.5;-1426.5
1;12800;KELP;2032;24;;;;;2034;1;2035;1;2036;23;2033.0;16.734375
1;12800;SQUID_INK;1853;24;;;;;1855;1;1856;24;;;1854.0;-908.4130859375
1;12900;CROISSANTS;4268;39;4267;86;;;4269;125;;;;;4268.5;-1279.25
1;12900;JAMS;6542;225;;;;;6544;225;;;;;6543.0;-163.75
1;12900;DJEMBES;13417;54;;;;;13418;54;;;;;13417.5;-656.6875
1;12900;KELP;2034;1;2032;29;;;2036;29;;;;;2035.0;16.625
1;12900;SQUID_INK;1855;1;1853;29;;;1856;29;;;;;1855.5;-908.8505859375
1;12900;RAINFOREST_RESIN;9995;29;;;;;10005;29;;;;;10000.0;104.0
1;12900;PICNIC_BASKET1;58634;6;58629;20;58628;15;58640;35;;;;;58637.0;-3082.3125
1;12900;PICNIC_BASKET2;30234;6;30232;20;30231;15;30238;35;;;;;30236.0;-1488.0
1;13000;KELP;2032;26;;;;;2035;26;;;;;2033.5;16.7421875
1;13000;CROISSANTS;4268;52;4267;53;;;4269;105;;;;;4268.5;-1309.75
1;13000;JAMS;6542;194;;;;;6543;8;6544;194;;;6542.5;-131.75
1;13000;SQUID_INK;1851;26;;;;;1854;1;1855;25;;;1852.5;-1008.7109375
1;13000;PICNIC_BASKET1;58629;1;58628;18;58627;21;58633;8;58638;1;58639;18;58631.0;-3089.4375
1;13000;PICNIC_BASKET2;30231;19;30230;21;;;30233;8;30236;1;30237;39;30232.0;-1397.25
1;13000;DJEMBES;13417;65;;;;;13418;21;13419;44;;;13417.5;-670.625
1;13000;RAINFOREST_RESIN;9996;1;9995;25;;;9998;1;10004;1;10005;25;9997.0;104.0
1;13100;RAINFOREST_RESIN;10002;3;9996;1;9995;24;10004;1;10005;24;;;10003.0;106.0
1;13100;SQUID_INK;1851;25;;;;;1854;25;;;;;1852.5;-1019.4921875
1;13100;PICNIC_BASKET1;58638;1;58637;14;58636;18;58647;1;58648;14;58649;18;58642.5;-2968.25
1;13100;PICNIC_BASKET2;30231;15;30230;18;;;30236;1;30237;32;;;30233.5;-1414.0
1;13100;KELP;2032;25;;;;;2035;1;2036;24;;;2033.5;16.83203125
1;13100;CROISSANTS;4268;39;4267;99;;;4269;138;;;;;4268.5;-1302.4375
1;13100;JAMS;6542;215;;;;;6544;215;;;;;6543.0;-170.0
1;13100;DJEMBES;13417;52;;;;;13419;52;;;;;13418.0;-684.6875
1;13200;DJEMBES;13415;75;;;;;13417;75;;;;;13416.0;-562.8125
1;13200;RAINFOREST_RESIN;9996;1;9995;20;;;10004;1;10005;20;;;10000.0;112.0
1;13200;KELP;2032;21;;;;;2035;1;2036;20;;;2033.5;16.83203125
1;13200;CROISSANTS;4268;59;4267;68;;;4269;127;;;;;4268.5;-1325.625
1;13200;JAMS;6542;198;;;;;6544;198;;;;;6543.0;-170.25
1;13200;SQUID_INK;1850;21;;;;;1853;21;;;;;1851.5;-1102.875
1;13200;PICNIC_BASKET1;58636;1;58635;17;58634;26;58645;1;58646;17;58647;26;58640.5;-3001.625
1;13200;PICNIC_BASKET2;30228;1;30227;43;;;30233;1;30234;43;;;30230.5;-1133.5
1;13300;KELP;2032;30;;;;;2035;1;2036;29;;;2033.5;17.34375
1;13300;CROISSANTS;4267;124;;;;;4269;124;;;;;4268.0;-1352.1875
1;13300;JAMS;6542;192;;;;;6544;192;;;;;6543.0;-151.0
1;13300;DJEMBES;13414;76;;;;;13415;27;13416;49;;;13414.5;-658.0625
1;13300;RAINFOREST_RESIN;9996;1;9995;29;;;10004;1;10005;29;;;10000.0;112.0
1;13300;SQUID_INK;1851;30;;;;;1854;30;;;;;1852.5;-1045.4140625
1;13300;PICNIC_BASKET1;58637;1;58636;20;58635;27;58646;1;58647;20;58648;27;58641.5;-2985.3125
1;13300;PICNIC_BASKET2;30227;21;30226;27;;;30232;1;30233;47;;;30229.5;-1066.75
1;13400;KELP;2032;31;;;;;2035;31;;;;;2033.5;16.62890625
1;13400;CROISSANTS;4268;63;4267;65;;;4269;128;;;;;4268.5;-1319.8125
1;13400;JAMS;6543;65;6542;197;;;6544;65;6545;197;;;6543.5;-190.5
1;13400;SQUID_INK;1852;31;;;;;1855;31;;;;;1853.5;-1008.5625
1;13400;PICNIC_BASKET1;58641;2;58640;18;58639;15;58650;2;58651;18;58652;15;58645.5;-2940.75
1;13400;PICNIC_BASKET2;30230;20;30229;15;;;30235;2;30236;33;;;30232.5;-1314.25
1;13400;DJEMBES;13415;55;;;;;13416;55;;;;;13415.5;-631.0625
1;13400;RAINFOREST_RESIN;9996;2;9995;29;;;10004;2;10005;29;;;10000.0;112.0
1;13500;RAINFOREST_RESIN;9996;2;9995;21;;;10004;2;10005;21;;;10000.0;112.0
1;13500;SQUID_INK;1853;23;;;;;1855;1;1856;23;;;1854.0;-956.546875
1;13500;PICNIC_BASKET1;58636;2;58635;19;58634;26;58645;2;58646;19;58647;26;58640.5;-2996.625
1;13500;PICNIC_BASKET2;30226;2;30225;45;;;30231;2;30232;45;;;30228.5;-969.25
1;13500;DJEMBES;13414;76;;;;;13416;76;;;;;13415.0;-680.0
1;13500;KELP;2032;23;;;;;2034;1;2035;23;;;2033.0;16.42578125
1;13500;CROISSANTS;4267;136;;;;;4269;136;;;;;4268.0;-1348.8125
1;13500;JAMS;6541;236;;;;;6543;236;;;;;6542.0;379.5
1;13600;DJEMBES;13414;72;;;;;13416;72;;;;;13415.0;-668.0
1;13600;RAINFOREST_RESIN;10002;1;10000;3;9998;7;10005;30;;;;;10003.5;112.0
1;13600;KELP;2033;3;2032;30;;;2035;30;;;;;2034.0;16.326171875
1;13600;CROISSANTS;4267;120;;;;;4269;120;;;;;4268.0;-1376.5625
1;13600;SQUID_INK;1850;3;1849;30;;;1852;30;;;;;1851.0;-1082.6328125
1;13600;PICNIC_BASKET2;30225;35;;;;;30231;13;30232;22;;;30228.0;-947.0
1;13600;PICNIC_BASKET1;58637;35;;;;;58648;13;58649;22;;;58642.5;-2975.8125
1;13600;JAMS;6541;76;6540;193;;;6542;76;6543;193;;;6541.5;450.75
1;13700;DJEMBES;13415;61;;;;;13416;61;;;;;13415.5;-641.1875
1;13700;KELP;2032;30;;;;;2034;2;2035;30;;;2033.0;16.220703125
1;13700;CROISSANTS;4267;125;;;;;4268;37;4269;88;;;4267.5;-1381.875
1;13700;JAMS;6541;88;6540;158;;;6542;88;6543;158;;;6541.5;455.25
1;13700;RAINFOREST_RESIN;9996;1;9995;29;;;10002;9;10004;1;10005;29;9999.0;114.0
1;13700;SQUID_INK;1847;30;;;;;1848;2;1850;30;;;1847.5;-1241.4453125
1;13700;PICNIC_BASKET2;30226;1;30225;49;;;30231;21;30232;29;;;30228.5;-951.0
1;13700;PICNIC_BASKET1;58641;1;58640;20;58639;29;58650;1;58651;20;58652;29;58645.5;-2949.125
1;13800;KELP;2032;26;;;;;2035;26;;;;;2033.5;16.109375
1;13800;SQUID_INK;1846;26;;;;;1850;26;;;;;1848.0;-1252.3203125
1;13800;PICNIC_BASKET2;30226;44;;;;;30232;15;30233;29;;;30229.0;-1044.5
1;13800;PICNIC_BASKET1;58637;15;58636;29;;;58648;15;58649;29;;;58642.5;-2978.0
1;13800;CROISSANTS;4267;151;;;;;4269;151;;;;;4268.0;-1360.75
1;13800;JAMS;6541;91;6540;141;;;6542;91;6543;141;;;6541.5;408.75
1;13800;DJEMBES;13416;29;13415;48;;;13417;77;;;;;13416.5;-601.0625
1;13800;RAINFOREST_RESIN;9995;26;;;;;10002;1;10005;26;;;9998.5;114.0
1;13900;RAINFOREST_RESIN;9996;1;9995;20;;;10002;5;10004;1;10005;20;9999.0;114.0
1;13900;SQUID_INK;1849;20;;;;;1850;3;1852;21;;;1849.5;-1138.4375
1;13900;PICNIC_BASKET2;30225;21;30224;17;;;30230;1;30231;37;;;30227.5;-901.25
1;13900;PICNIC_BASKET1;58637;1;58636;20;58635;17;58646;1;58647;20;58648;17;58641.5;-2990.1875
1;13900;DJEMBES;13415;52;;;;;13417;52;;;;;13416.0;-609.65625
1;13900;KELP;2032;20;;;;;2034;3;2035;21;;;2033.0;15.701171875
1;13900;CROISSANTS;4267;134;;;;;4269;134;;;;;4268.0;-1364.1875
1;13900;JAMS;6540;254;;;;;6542;254;;;;;6541.0;500.625
1;14000;DJEMBES;13416;61;;;;;13417;61;;;;;13416.5;-601.96875
1;14000;RAINFOREST_RESIN;9996;1;9995;28;;;10004;1;10005;28;;;10000.0;114.0
1;14000;KELP;2032;29;;;;;2035;29;;;;;2033.5;16.2109375
1;14000;SQUID_INK;1852;1;1851;28;;;1855;29;;;;;1853.5;-992.421875
1;14000;PICNIC_BASKET2;30227;1;30226;32;;;30232;16;30233;17;;;30229.5;-1048.25
1;14000;PICNIC_BASKET1;58638;1;58637;32;;;58648;16;58649;17;;;58643.0;-2975.875
1;14000;CROISSANTS;4267;150;;;;;4268;55;4269;95;;;4267.5;-1420.4375
1;14000;JAMS;6540;291;;;;;6542;291;;;;;6541.0;448.25
1;14100;DJEMBES;13416;75;;;;;13418;75;;;;;13417.0;-642.875
1;14100;KELP;2034;4;2032;28;;;2035;28;;;;;2034.5;15.8984375
1;14100;CROISSANTS;4268;57;4267;86;;;4269;143;;;;;4268.5;-1323.125
1;14100;JAMS;6540;282;;;;;6542;282;;;;;6541.0;468.625
1;14100;RAINFOREST_RESIN;9996;1;9995;27;;;10004;1;10005;27;;;10000.0;114.0
1;14100;SQUID_INK;1852;4;1851;28;;;1854;28;;;;;1853.0;-1032.546875
1;14100;PICNIC_BASKET2;30229;1;30228;43;;;30234;14;30235;30;;;30231.5;-1203.75
1;14100;PICNIC_BASKET1;58641;14;58640;30;;;58651;1;58652;43;;;58646.0;-2944.0
1;14200;SQUID_INK;1852;27;;;;;1855;27;;;;;1853.5;-980.765625
1;14200;KELP;2032;27;;;;;2035;27;;;;;2033.5;17.2607421875
1;14200;PICNIC_BASKET2;30227;38;;;;;30233;16;30234;22;;;30230.0;-1101.0
1;14200;PICNIC_BASKET1;58639;1;58638;15;58637;22;58648;1;58649;15;58650;22;58643.5;-2968.375
1;14200;CROISSANTS;4267;138;;;;;4269;138;;;;;4268.0;-1370.6875
1;14200;JAMS;6540;252;;;;;6542;252;;;;;6541.0;432.375
1;14200;DJEMBES;13416;56;;;;;13418;56;;;;;13417.0;-646.15625
1;14200;RAINFOREST_RESIN;9996;1;9995;26;;;10004;1;10005;26;;;10000.0;114.0
1;14300;RAINFOREST_RESIN;9996;2;9995;30;;;10004;2;10005;30;;;10000.0;114.0
1;14300;SQUID_INK;1849;32;;;;;1852;32;;;;;1850.5;-1076.56640625
1;14300;PICNIC_BASKET2;30231;2;30230;41;;;30236;14;30237;29;;;30233.5;-1352.0
1;14300;PICNIC_BASKET1;58649;2;58648;12;58647;29;58658;2;58659;12;58660;29;58653.5;-2873.125
1;14300;DJEMBES;13416;69;;;;;13417;69;;;;;13416.5;-629.75
1;14300;KELP;2032;32;;;;;2035;2;2036;30;;;2033.5;17.9296875
1;14300;CROISSANTS;4268;118;;;;;4269;118;;;;;4268.5;-1297.625
1;14300;JAMS;6541;58;6540;115;;;6542;58;6543;115;;;6541.5;391.375
1;14400;DJEMBES;13417;66;;;;;13418;66;;;;;13417.5;-657.3125
1;14400;RAINFOREST_RESIN;10002;1;9996;1;9995;26;10004;1;10005;26;;;10003.0;114.0
1;14400;SQUID_INK;1853;32;;;;;1856;27;;;;;1854.5;-1005.62890625
1;14400;KELP;2033;5;2032;27;;;2036;27;;;;;2034.5;18.30078125
1;14400;PICNIC_BASKET2;30227;19;30226;24;;;30232;1;30233;42;;;30229.5;-1066.0
1;14400;PICNIC_BASKET1;58650;1;58649;18;58648;24;58659;1;58660;18;58661;24;58654.5;-2872.15625
1;14400;CROISSANTS;4267;139;;;;;4268;9;4269;139;;;4267.5;-1344.5
1;14400;JAMS;6541;86;6540;132;;;6542;86;6543;132;;;6541.5;363.25
1;14500;DJEMBES;13417;64;;;;;13418;64;;;;;13417.5;-668.125
1;14500;KELP;2032;21;;;;;2033;5;2035;1;2036;20;2032.5;17.8779296875
1;14500;CROISSANTS;4267;152;;;;;4269;152;;;;;4268.0;-1344.6875
1;14500;JAMS;6540;222;;;;;6542;222;;;;;6541.0;428.625
1;14500;RAINFOREST_RESIN;9996;1;9995;20;;;9998;9;10002;2;10004;1;9997.0;116.0
1;14500;SQUID_INK;1851;20;;;;;1852;4;1855;21;;;1851.5;-1029.341796875
1;14500;PICNIC_BASKET2;30227;15;30226;21;;;30232;1;30233;35;;;30229.5;-1065.0
1;14500;PICNIC_BASKET1;58650;15;58649;21;;;58660;15;58661;21;;;58655.0;-2872.125
1;14600;SQUID_INK;1848;23;;;;;1850;5;1851;23;;;1849.0;-993.09375
1;14600;KELP;2032;23;;;;;2034;5;2035;1;2036;22;2033.0;22.3828125
1;14600;PICNIC_BASKET2;30225;13;30224;29;;;30231;42;;;;;30228.0;-923.75
1;14600;PICNIC_BASKET1;58649;1;58648;12;58647;29;58658;1;58659;12;58660;29;58653.5;-2883.53125
1;14600;CROISSANTS;4267;135;;;;;4268;35;4269;100;;;4267.5;-1382.75
1;14600;JAMS;6540;217;;;;;6542;217;;;;;6541.0;443.625
1;14600;DJEMBES;13415;68;;;;;13417;68;;;;;13416.0;-590.6875
1;14600;RAINFOREST_RESIN;9996;1;9995;22;;;10002;4;10004;1;10005;22;9999.0;134.0
1;14700;RAINFOREST_RESIN;10000;2;9995;26;;;10005;26;;;;;10002.5;134.0
1;14700;SQUID_INK;1852;1;1851;2;1850;28;1853;26;;;;;1852.5;-1003.2265625
1;14700;PICNIC_BASKET1;58648;13;58647;20;;;58659;13;58660;20;;;58653.5;-2884.25
1;14700;PICNIC_BASKET2;30225;13;30224;20;;;30231;33;;;;;30228.0;-904.75
1;14700;DJEMBES;13415;63;;;;;13416;20;13417;43;;;13415.5;-574.3125
1;14700;KELP;2034;1;2033;4;2032;26;2036;26;;;;;2035.0;22.607421875
1;14700;JAMS;6540;203;;;;;6542;203;;;;;6541.0;482.5
1;14700;CROISSANTS;4267;122;;;;;4268;50;4269;72;;;4267.5;-1406.375
1;14800;DJEMBES;13416;46;;;;;13417;15;13418;31;;;13416.5;-611.6875
1;14800;RAINFOREST_RESIN;9996;1;9995;23;;;10004;1;10005;23;;;10000.0;134.0
1;14800;SQUID_INK;1849;24;;;;;1852;1;1853;23;;;1850.5;-998.375
1;14800;PICNIC_BASKET1;58646;1;58645;15;58644;15;58655;1;58656;15;58657;15;58650.5;-2903.46875
1;14800;PICNIC_BASKET2;30228;16;30227;15;;;30233;1;30234;30;;;30230.5;-1156.75
1;14800;KELP;2032;24;;;;;2036;24;;;;;2034.0;22.83203125
1;14800;CROISSANTS;4267;84;;;;;4268;35;4269;59;;;4267.5;-1384.75
1;14800;JAMS;6540;175;;;;;6542;175;;;;;6541.0;448.0
1;14900;DJEMBES;13416;29;13415;33;;;13417;62;;;;;13416.5;-595.25
1;14900;KELP;2032;21;;;;;2034;7;2035;1;2036;20;2033.0;22.015625
1;14900;CROISSANTS;4267;161;;;;;4268;161;;;;;4267.5;-1482.125
1;14900;JAMS;6541;98;6540;121;;;6542;98;6543;121;;;6541.5;387.0
1;14900;RAINFOREST_RESIN;9996;1;9995;20;;;10004;1;10005;20;;;10000.0;134.0
1;14900;SQUID_INK;1851;21;;;;;1853;7;1854;21;;;1852.0;-1009.3525390625
1;14900;PICNIC_BASKET1;58641;1;58640;20;58639;29;58650;1;58651;20;58652;29;58645.5;-2936.71875
1;14900;PICNIC_BASKET2;30227;21;30226;29;;;30232;1;30233;49;;;30229.5;-1064.25
1;15000;SQUID_INK;1850;1;1848;25;;;1852;25;;;;;1851.0;-993.42578125
1;15000;PICNIC_BASKET1;58650;8;58645;17;58644;26;58656;43;;;;;58653.0;-2906.125
1;15000;PICNIC_BASKET2;30229;8;30226;43;;;30232;17;30233;26;;;30230.5;-1017.75
1;15000;KELP;2034;1;2032;25;;;2036;25;;;;;2035.0;22.7265625
1;15000;CROISSANTS;4267;157;;;;;4268;157;;;;;4267.5;-1468.75
1;15000;JAMS;6541;274;;;;;6543;274;;;;;6542.0;295.75
1;15000;DJEMBES;13416;65;;;;;13417;65;;;;;13416.5;-603.0625
1;15000;RAINFOREST_RESIN;9998;1;9995;25;;;10005;25;;;;;10001.5;134.0
1;15100;RAINFOREST_RESIN;9998;10;9995;26;;;10005;26;;;;;10001.5;134.0
1;15100;SQUID_INK;1850;26;;;;;1853;26;;;;;1851.5;-1001.0791015625
1;15100;PICNIC_BASKET1;58644;16;58643;19;;;58655;16;58656;19;;;58649.5;-2913.53125
1;15100;PICNIC_BASKET2;30228;35;;;;;30234;16;30235;19;;;30231.0;-1188.0
1;15100;DJEMBES;13416;19;13415;40;;;13417;59;;;;;13416.5;-592.75
1;15100;KELP;2032;26;;;;;2036;26;;;;;2034.0;22.66796875
1;15100;CROISSANTS;4267;127;;;;;4268;127;;;;;4267.5;-1495.0
1;15100;JAMS;6541;226;;;;;6543;226;;;;;6542.0;282.5
1;15200;DJEMBES;13417;58;;;;;13418;58;;;;;13417.5;-645.0
1;15200;RAINFOREST_RESIN;9995;25;;;;;10002;10;10005;25;;;9998.5;134.0
1;15200;PICNIC_BASKET1;58652;14;58651;26;;;58657;3;58663;14;58664;26;58654.5;-2846.25
1;15200;PICNIC_BASKET2;30229;40;;;;;30232;3;30235;14;30236;26;30230.5;-1282.5
1;15200;CROISSANTS;4267;152;;;;;4268;152;;;;;4267.5;-1472.5
1;15200;JAMS;6541;264;;;;;6543;264;;;;;6542.0;266.25
1;15200;SQUID_INK;1848;24;;;;;1851;25;;;;;1849.5;-989.7080078125
1;15200;KELP;2032;25;;;;;2033;1;2036;25;;;2032.5;22.75390625
1;15300;KELP;2033;1;2032;26;;;2035;2;2036;24;;;2034.0;23.71484375
1;15300;DJEMBES;13417;67;;;;;13418;24;13419;43;;;13417.5;-664.875
1;15300;CROISSANTS;4267;136;;;;;4268;136;;;;;4267.5;-1513.625
1;15300;JAMS;6540;278;;;;;6542;278;;;;;6541.0;428.375
1;15300;RAINFOREST_RESIN;9996;2;9995;24;;;10004;2;10005;24;;;10000.0;134.0
1;15300;PICNIC_BASKET1;58649;2;58648;17;58647;24;58658;2;58659;17;58660;24;58653.5;-2901.90625
1;15300;PICNIC_BASKET2;30228;2;30227;41;;;30233;19;30234;24;;;30230.5;-1109.5
1;15300;SQUID_INK;1850;27;;;;;1853;26;;;;;1851.5;-1001.0029296875
1;15400;PICNIC_BASKET1;58650;20;58649;25;;;58660;1;58661;44;;;58655.0;-2909.59375
1;15400;PICNIC_BASKET2;30227;1;30226;44;;;30232;1;30233;44;;;30229.5;-1046.5
1;15400;CROISSANTS;4267;117;;;;;4268;117;;;;;4267.5;-1492.375
1;15400;JAMS;6540;243;;;;;6542;243;;;;;6541.0;487.125
1;15400;SQUID_INK;1847;24;;;;;1849;1;1850;24;;;1848.0;-984.9560546875
1;15400;KELP;2032;24;;;;;2034;1;2035;1;2036;23;2033.0;23.103515625
1;15400;DJEMBES;13417;64;;;;;13418;64;;;;;13417.5;-661.625
1;15400;RAINFOREST_RESIN;9996;1;9995;23;;;10004;1;10005;23;;;10000.0;134.0
1;15500;RAINFOREST_RESIN;10002;1;9998;1;9996;2;10004;2;10005;22;;;10003.0;134.0
1;15500;PICNIC_BASKET1;58650;2;58649;15;58648;29;58659;2;58660;15;58661;29;58654.5;-2907.875
1;15500;PICNIC_BASKET2;30225;2;30224;44;;;30230;17;30231;29;;;30227.5;-882.5
1;15500;SQUID_INK;1850;26;;;;;1853;24;;;;;1851.5;-997.63671875
1;15500;KELP;2033;2;2032;24;;;2036;24;;;;;2034.5;24.11328125
1;15500;DJEMBES;13418;73;;;;;13420;73;;;;;13419.0;-745.9375
1;15500;CROISSANTS;4267;121;;;;;4268;121;;;;;4267.5;-1461.375
1;15500;JAMS;6540;194;;;;;6542;194;;;;;6541.0;512.875
1;15600;DJEMBES;13418;58;;;;;13420;58;;;;;13419.0;-737.5625
1;15600;RAINFOREST_RESIN;9996;2;9995;23;;;10002;6;10004;2;10005;23;9999.0;136.0
1;15600;PICNIC_BASKET1;58657;20;58656;24;;;58667;20;58668;24;;;58662.0;-2950.96875
1;15600;PICNIC_BASKET2;30228;2;30227;42;;;30233;20;30234;24;;;30230.5;-1102.125
1;15600;CROISSANTS;4268;94;;;;;4269;94;;;;;4268.5;-1277.125
1;15600;JAMS;6540;218;;;;;6542;218;;;;;6541.0;513.0
1;15600;SQUID_INK;1846;25;;;;;1849;25;;;;;1847.5;-980.9169921875
1;15600;KELP;2032;25;;;;;2036;25;;;;;2034.0;26.13671875
1;15700;KELP;2033;1;2032;20;;;2036;21;;;;;2034.5;26.33203125
1;15700;CROISSANTS;4268;62;4267;95;;;4269;157;;;;;4268.5;-1321.875
1;15700;JAMS;6540;293;;;;;6542;293;;;;;6541.0;477.5
1;15700;RAINFOREST_RESIN;9998;8;9996;1;9995;20;10004;1;10005;20;;;10001.0;136.0
1;15700;DJEMBES;13417;63;;;;;13418;63;;;;;13417.5;-661.25
1;15700;PICNIC_BASKET1;58653;1;58652;10;58651;19;58662;1;58663;10;58664;19;58657.5;-2938.0
1;15700;PICNIC_BASKET2;30229;1;30228;29;;;30234;1;30235;29;;;30231.5;-1190.25
1;15700;SQUID_INK;1847;21;;;;;1850;21;;;;;1848.5;-998.859375
1;15800;PICNIC_BASKET2;30226;38;;;;;30232;20;30233;18;;;30229.0;-1031.25
1;15800;PICNIC_BASKET1;58652;20;58651;18;;;58662;2;58663;36;;;58657.0;-2922.125
1;15800;CROISSANTS;4268;40;4267;93;;;4269;133;;;;;4268.5;-1343.625
1;15800;SQUID_INK;1851;31;;;;;1854;25;;;;;1852.5;-913.37890625
1;15800;JAMS;6540;249;;;;;6542;249;;;;;6541.0;433.875
1;15800;DJEMBES;13416;51;;;;;13418;51;;;;;13417.0;-686.01953125
1;15800;KELP;2033;8;2032;23;;;2036;25;;;;;2034.5;26.2265625
1;15800;RAINFOREST_RESIN;9996;2;9995;23;;;10004;2;10005;23;;;10000.0;136.0
1;15900;RAINFOREST_RESIN;9996;1;9995;30;;;10004;1;10005;30;;;10000.0;136.0
1;15900;DJEMBES;13418;62;;;;;13419;22;13420;40;;;13418.5;-680.875
1;15900;PICNIC_BASKET2;30227;13;30226;22;;;30232;1;30233;34;;;30229.5;-1082.875
1;15900;PICNIC_BASKET1;58651;1;58650;12;58649;22;58660;1;58661;12;58662;22;58655.5;-2874.75
1;15900;SQUID_INK;1854;8;1853;31;;;1856;31;;;;;1855.0;-988.30859375
1;15900;JAMS;6540;94;6539;125;;;6541;94;6542;125;;;6540.5;596.875
1;15900;KELP;2033;8;2032;31;;;2036;31;;;;;2034.5;25.71875
1;15900;CROISSANTS;4268;149;;;;;4269;149;;;;;4268.5;-1335.453125
1;16000;RAINFOREST_RESIN;9995;23;;;;;10005;23;;;;;10000.0;136.0
1;16000;PICNIC_BASKET2;30228;32;;;;;30234;16;30235;16;;;30231.0;-1175.0
1;16000;PICNIC_BASKET1;58645;16;58644;16;;;58656;16;58657;16;;;58650.5;-2753.625
1;16000;SQUID_INK;1856;23;;;;;1858;1;1859;23;;;1857.0;-1051.328125
1;16000;CROISSANTS;4268;59;4267;62;;;4269;121;;;;;4268.5;-1340.96875
1;16000;JAMS;6540;245;;;;;6542;245;;;;;6541.0;531.875
1;16000;DJEMBES;13418;53;;;;;13420;53;;;;;13419.0;-680.3359375
1;16000;KELP;2032;23;;;;;2034;1;2036;23;;;2033.0;25.623046875
1;16100;CROISSANTS;4268;97;;;;;4269;97;;;;;4268.5;-1336.484375
1;16100;JAMS;6540;184;;;;;6542;184;;;;;6541.0;460.75
1;16100;KELP;2033;5;2032;25;;;2036;27;;;;;2034.5;26.75
1;16100;RAINFOREST_RESIN;9996;2;9995;25;;;10004;2;10005;25;;;10000.0;136.0
1;16100;DJEMBES;13419;73;;;;;13420;26;13421;47;;;13419.5;-677.55078125
1;16100;PICNIC_BASKET2;30225;2;30224;37;;;30230;13;30231;26;;;30227.5;-911.875
1;16100;PICNIC_BASKET1;58651;13;58650;26;;;58661;2;58662;37;;;58656.0;-2895.25
1;16100;SQUID_INK;1857;3;1856;27;;;1859;27;;;;;1858.0;-1092.0
1;16200;PICNIC_BASKET2;30222;12;30221;25;;;30224;1;30227;2;30228;35;30223.0;-760.125
1;16200;PICNIC_BASKET1;58649;2;58648;35;;;58653;1;58658;2;58659;10;58651.0;-2873.875
1;16200;SQUID_INK;1853;23;;;;;1856;23;;;;;1854.5;-952.59375
1;16200;CROISSANTS;4268;121;;;;;4269;121;;;;;4268.5;-1336.828125
1;16200;JAMS;6540;190;;;;;6542;190;;;;;6541.0;441.625
1;16200;DJEMBES;13418;66;;;;;13419;66;;;;;13418.5;-656.25
1;16200;KELP;2032;23;;;;;2036;23;;;;;2034.0;23.908203125
1;16200;RAINFOREST_RESIN;9998;6;9996;2;9995;21;10004;2;10005;21;;;10001.0;136.0
1;16300;RAINFOREST_RESIN;9996;2;9995;22;;;10004;2;10005;22;;;10000.0;136.0
1;16300;DJEMBES;13418;57;;;;;13419;57;;;;;13418.5;-645.9375
1;16300;PICNIC_BASKET2;30223;39;;;;;30229;21;30230;18;;;30226.0;-832.625
1;16300;PICNIC_BASKET1;58651;2;58650;19;58649;18;58660;2;58661;19;58662;18;58655.5;-2889.625
1;16300;SQUID_INK;1850;24;;;;;1852;3;1853;2;1854;22;1851.0;-832.6953125
1;16300;CROISSANTS;4268;99;;;;;4269;99;;;;;4268.5;-1331.875
1;16300;JAMS;6540;242;;;;;6542;242;;;;;6541.0;462.625
1;16300;KELP;2032;24;;;;;2034;3;2035;24;;;2033.0;22.482421875
1;16400;RAINFOREST_RESIN;9996;1;9995;26;;;10004;1;10005;26;;;10000.0;136.0
1;16400;PICNIC_BASKET2;30225;1;30224;34;;;30230;20;30231;15;;;30227.5;-921.0
1;16400;PICNIC_BASKET1;58649;1;58648;19;58647;15;58658;1;58659;19;58660;15;58653.5;-2867.8125
1;16400;SQUID_INK;1848;27;;;;;1851;27;;;;;1849.5;-736.4921875
1;16400;CROISSANTS;4268;116;;;;;4269;116;;;;;4268.5;-1333.5
1;16400;JAMS;6540;237;;;;;6542;237;;;;;6541.0;482.5
1;16400;DJEMBES;13417;56;;;;;13418;56;;;;;13417.5;-599.5
1;16400;KELP;2032;27;;;;;2036;27;;;;;2034.0;24.326171875
1;16500;CROISSANTS;4268;47;4267;56;;;4269;103;;;;;4268.5;-1340.890625
1;16500;JAMS;6540;156;;;;;6542;156;;;;;6541.0;480.0
1;16500;KELP;2033;1;2032;22;;;2036;23;;;;;2034.5;26.951171875
1;16500;RAINFOREST_RESIN;9996;1;9995;22;;;10004;1;10005;22;;;10000.0;136.0
1;16500;DJEMBES;13417;77;;;;;13418;77;;;;;13417.5;-617.453125
1;16500;PICNIC_BASKET2;30223;16;30222;29;;;30229;16;30230;29;;;30226.0;-831.0
1;16500;PICNIC_BASKET1;58647;1;58646;44;;;58657;16;58658;29;;;58652.0;-2855.3125
1;16500;SQUID_INK;1848;23;;;;;1851;23;;;;;1849.5;-765.537109375
1;16600;PICNIC_BASKET2;30227;4;30225;12;30224;23;30231;35;;;;;30229.0;-953.875
1;16600;PICNIC_BASKET1;58651;4;58647;2;58646;10;58656;2;58657;10;58658;23;58653.5;-2848.3125
1;16600;SQUID_INK;1847;29;;;;;1850;29;;;;;1848.5;-810.6474609375
1;16600;CROISSANTS;4267;119;;;;;4269;119;;;;;4268.0;-1356.34375
1;16600;JAMS;6540;183;;;;;6541;4;6542;183;;;6540.5;464.875
1;16600;DJEMBES;13418;66;;;;;13419;66;;;;;13418.5;-596.3125
1;16600;KELP;2033;2;2032;27;;;2036;29;;;;;2034.5;26.455078125
1;16600;RAINFOREST_RESIN;10002;3;9996;2;9995;27;10004;2;10005;27;;;10003.0;136.0
1;16700;RAINFOREST_RESIN;9996;2;9995;30;;;10004;2;10005;30;;;10000.0;142.0
1;16700;DJEMBES;13418;67;;;;;13419;67;;;;;13418.5;-580.875
1;16700;PICNIC_BASKET2;30225;15;30224;24;;;30230;2;30231;37;;;30227.5;-936.5
1;16700;PICNIC_BASKET1;58647;2;58646;13;58645;24;58656;2;58657;13;58658;24;58651.5;-2854.1875
1;16700;SQUID_INK;1842;32;;;;;1845;32;;;;;1843.5;-1034.8203125
1;16700;CROISSANTS;4267;118;;;;;4269;118;;;;;4268.0;-1362.796875
1;16700;JAMS;6540;186;;;;;6542;186;;;;;6541.0;451.5
1;16700;KELP;2033;2;2032;30;;;2036;32;;;;;2034.5;26.861328125
1;16800;RAINFOREST_RESIN;9996;2;9995;26;;;10002;9;10004;2;10005;26;9999.0;142.0
1;16800;PICNIC_BASKET2;30226;13;30225;17;;;30231;2;30232;28;;;30228.5;-1009.875
1;16800;PICNIC_BASKET1;58649;2;58648;28;;;58659;13;58660;17;;;58654.0;-2873.625
1;16800;SQUID_INK;1837;28;;;;;1839;2;1840;28;;;1838.0;-1318.59375
1;16800;CROISSANTS;4267;141;;;;;4268;141;;;;;4267.5;-1376.375
1;16800;JAMS;6540;280;;;;;6542;286;;;;;6541.0;487.5
1;16800;DJEMBES;13418;57;;;;;13419;57;;;;;13418.5;-594.5625
1;16800;KELP;2033;28;;;;;2035;2;2036;28;;;2034.0;27.46875
1;16900;JAMS;6540;178;;;;;6542;178;;;;;6541.0;477.0
1;16900;CROISSANTS;4267;121;;;;;4268;121;;;;;4267.5;-1458.8125
1;16900;PICNIC_BASKET1;58649;19;58648;19;;;58660;19;58661;19;;;58654.5;-2879.4375
1;16900;PICNIC_BASKET2;30224;19;30223;19;;;30230;38;;;;;30227.0;-891.625
1;16900;KELP;2032;23;;;;;2036;23;;;;;2034.0;27.169921875
1;16900;RAINFOREST_RESIN;10002;1;9995;23;;;10005;23;;;;;10003.5;142.0
1;16900;DJEMBES;13417;68;;;;;13418;19;13419;49;;;13417.5;-632.625
1;16900;SQUID_INK;1842;23;;;;;1845;23;;;;;1843.5;-1058.421875
1;17000;SQUID_INK;1842;28;;;;;1845;28;;;;;1843.5;-1043.5703125
1;17000;RAINFOREST_RESIN;10002;5;9998;5;9996;1;10004;1;10005;27;;;10003.0;144.0
1;17000;JAMS;6541;95;6540;149;;;6542;95;6543;149;;;6541.5;359.5
1;17000;CROISSANTS;4267;133;;;;;4268;133;;;;;4267.5;-1479.5
1;17000;DJEMBES;13415;73;;;;;13416;26;13417;47;;;13415.5;-758.0
1;17000;KELP;2033;1;2032;27;;;2036;28;;;;;2034.5;27.166015625
1;17000;PICNIC_BASKET1;58652;1;58651;13;58650;26;58661;1;58662;13;58663;26;58656.5;-2897.875
1;17000;PICNIC_BASKET2;30226;40;;;;;30232;14;30233;26;;;30229.0;-1038.125
1;17100;DJEMBES;13415;73;;;;;13416;73;;;;;13415.5;-775.8125
1;17100;SQUID_INK;1850;8;1849;27;;;1852;2;1853;25;;;1851.0;-689.21875
1;17100;CROISSANTS;4267;135;;;;;4268;56;4269;79;;;4267.5;-1398.375
1;17100;JAMS;6541;249;;;;;6543;249;;;;;6542.0;325.625
1;17100;PICNIC_BASKET1;58659;21;58658;27;;;58669;2;58670;46;;;58664.0;-2964.375
1;17100;PICNIC_BASKET2;30228;2;30227;46;;;30233;21;30234;27;;;30230.5;-1127.125
1;17100;KELP;2033;10;2032;25;;;2036;27;;;;;2034.5;26.9609375
1;17100;RAINFOREST_RESIN;9996;2;9995;25;;;10004;2;10005;25;;;10000.0;154.0
1;17200;PICNIC_BASKET1;58660;2;58659;19;58658;30;58669;2;58670;19;58671;30;58664.5;-3088.25
1;17200;PICNIC_BASKET2;30227;2;30226;49;;;30232;2;30233;49;;;30229.5;-1064.25
1;17200;SQUID_INK;1848;34;;;;;1851;26;;;;;1849.5;-764.6875
1;17200;RAINFOREST_RESIN;10002;1;9996;2;9995;24;10004;2;10005;24;;;10003.0;154.0
1;17200;CROISSANTS;4267;93;;;;;4269;93;;;;;4268.0;-1363.4375
1;17200;JAMS;6540;150;;;;;6542;150;;;;;6541.0;431.0
1;17200;DJEMBES;13414;75;;;;;13415;75;;;;;13414.5;-827.1875
1;17200;KELP;2033;34;;;;;2036;26;;;;;2034.5;27.46484375
1;17300;CROISSANTS;4268;52;4267;85;;;4269;137;;;;;4268.5;-1334.6875
1;17300;JAMS;6541;7;6540;222;;;6542;222;;;;;6541.5;450.125
1;17300;PICNIC_BASKET1;58662;4;58657;13;58656;15;58668;13;58669;15;;;58665.0;-3030.5
1;17300;PICNIC_BASKET2;30229;4;30226;28;;;30232;13;30233;15;;;30230.5;-1037.75
1;17300;KELP;2033;29;;;;;2035;2;2036;29;;;2034.0;27.5625
1;17300;RAINFOREST_RESIN;9998;7;9995;29;;;10005;29;;;;;10001.5;156.0
1;17300;DJEMBES;13414;45;;;;;13415;15;13416;30;;;13414.5;-811.25
1;17300;SQUID_INK;1848;29;;;;;1850;2;1851;29;;;1849.0;-805.04296875
1;17400;RAINFOREST_RESIN;9995;21;;;;;10002;10;10005;21;;;9998.5;156.0
1;17400;CROISSANTS;4268;119;;;;;4269;119;;;;;4268.5;-1304.875
1;17400;JAMS;6541;80;6540;126;;;6542;80;6543;126;;;6541.5;406.0
1;17400;DJEMBES;13414;24;13413;49;;;13415;73;;;;;13414.5;-844.5625
1;17400;KELP;2033;21;;;;;2036;21;;;;;2034.5;27.95703125
1;17400;SQUID_INK;1847;21;;;;;1851;21;;;;;1849.0;-841.203125
1;17400;PICNIC_BASKET1;58666;11;58665;24;;;58677;11;58678;24;;;58671.5;-3360.25
1;17400;PICNIC_BASKET2;30227;11;30226;24;;;30233;35;;;;;30230.0;-1091.25
1;17500;DJEMBES;13414;67;;;;;13415;67;;;;;13414.5;-829.625
1;17500;KELP;2033;28;;;;;2036;28;;;;;2034.5;27.744140625
1;17500;CROISSANTS;4268;100;;;;;4269;37;4270;63;;;4268.5;-1338.0
1;17500;JAMS;6540;242;;;;;6542;242;;;;;6541.0;415.875
1;17500;SQUID_INK;1848;28;;;;;1851;28;;;;;1849.5;-850.3125
1;17500;PICNIC_BASKET1;58667;1;58666;15;58665;27;58676;1;58677;15;58678;27;58671.5;-3424.75
1;17500;PICNIC_BASKET2;30228;16;30227;27;;;30234;43;;;;;30231.0;-1159.75
1;17500;RAINFOREST_RESIN;9996;1;9995;27;;;10004;1;10005;27;;;10000.0;156.0
1;17600;SQUID_INK;1848;26;;;;;1851;26;;;;;1849.5;-856.97265625
1;17600;PICNIC_BASKET1;58668;1;58667;15;58666;23;58677;1;58678;15;58679;23;58672.5;-3461.0
1;17600;PICNIC_BASKET2;30229;16;30228;23;;;30234;1;30235;38;;;30231.5;-1222.125
1;17600;RAINFOREST_RESIN;9996;1;9995;25;;;10002;3;10004;1;10005;25;9999.0;156.0
1;17600;KELP;2033;26;;;;;2036;26;;;;;2034.5;27.751953125
1;17600;CROISSANTS;4268;107;;;;;4269;52;4270;55;;;4268.5;-1336.578125
1;17600;JAMS;6541;55;6540;103;;;6542;158;;;;;6541.5;413.5
1;17600;DJEMBES;13414;66;;;;;13415;66;;;;;13414.5;-825.125
1;17700;KELP;2033;26;;;;;2036;26;;;;;2034.5;27.748046875
1;17700;CROISSANTS;4269;124;;;;;4270;124;;;;;4269.5;-1324.1328125
1;17700;JAMS;6540;225;;;;;6542;225;;;;;6541.0;450.625
1;17700;SQUID_INK;1847;26;;;;;1850;26;;;;;1848.5;-825.53515625
1;17700;PICNIC_BASKET1;58676;2;58675;31;;;58686;16;58687;17;;;58681.0;-3874.5
1;17700;PICNIC_BASKET2;30230;16;30229;17;;;30235;2;30236;31;;;30232.5;-1287.875
1;17700;RAINFOREST_RESIN;9998;4;9996;2;9995;24;10004;2;10005;24;;;10001.0;156.0
1;17700;DJEMBES;13415;60;;;;;13416;60;;;;;13415.5;-772.75
1;17800;RAINFOREST_RESIN;9995;23;;;;;10002;6;10005;23;;;9998.5;156.0
1;17800;KELP;2033;23;;;;;2036;23;;;;;2034.5;28.15625
1;17800;CROISSANTS;4268;114;;;;;4270;114;;;;;4269.0;-1340.1875
1;17800;JAMS;6540;239;;;;;6542;239;;;;;6541.0;471.875
1;17800;DJEMBES;13415;26;13414;35;;;13416;61;;;;;13415.5;-800.0
1;17800;SQUID_INK;1848;23;;;;;1851;23;;;;;1849.5;-850.8671875
1;17800;PICNIC_BASKET1;58678;13;58677;26;;;58689;13;58690;26;;;58683.5;-4001.5
1;17800;PICNIC_BASKET2;30230;13;30229;26;;;30236;39;;;;;30233.0;-1277.625
1;17900;DJEMBES;13414;68;;;;;13416;68;;;;;13415.0;-802.0
1;17900;KELP;2035;1;2033;26;;;2036;22;;;;;2035.5;28.05078125
1;17900;CROISSANTS;4269;157;;;;;4270;157;;;;;4269.5;-1366.21875
1;17900;JAMS;6540;271;;;;;6542;271;;;;;6541.0;454.25
1;17900;SQUID_INK;1849;1;1847;26;;;1850;22;;;;;1849.5;-824.703125
1;17900;PICNIC_BASKET1;58679;18;58678;23;;;58690;18;58691;23;;;58684.5;-4121.25
1;17900;PICNIC_BASKET2;30232;18;30231;23;;;30238;41;;;;;30235.0;-1429.25
1;17900;RAINFOREST_RESIN;9995;22;;;;;10005;22;;;;;10000.0;156.0
1;18000;SQUID_INK;1850;1;1849;4;1848;23;1852;25;;;;;1851.0;-862.43359375
1;18000;PICNIC_BASKET2;30232;12;30231;19;;;30237;2;30238;29;;;30234.5;-1418.375
1;18000;PICNIC_BASKET1;58674;2;58673;10;58672;19;58683;2;58684;10;58685;19;58678.5;-3770.75
1;18000;RAINFOREST_RESIN;9998;10;9996;2;9995;23;10004;2;10005;23;;;10001.0;156.0
1;18000;DJEMBES;13414;63;;;;;13415;63;;;;;13414.5;-789.84375
1;18000;KELP;2035;1;2033;27;;;2036;25;;;;;2035.5;28.9375
1;18000;CROISSANTS;4269;121;;;;;4270;121;;;;;4269.5;-1374.8125
1;18000;JAMS;6540;232;;;;;6542;232;;;;;6541.0;522.75
1;18100;KELP;2034;6;2033;31;;;2036;31;;;;;2035.0;29.8603515625
1;18100;CROISSANTS;4270;126;;;;;4271;47;4272;79;;;4270.5;-1504.8125
1;18100;SQUID_INK;1843;6;1842;31;;;1845;31;;;;;1844.0;-719.6875
1;18100;PICNIC_BASKET2;30235;21;30234;15;;;30240;1;30241;35;;;30237.5;-1632.5
1;18100;PICNIC_BASKET1;58686;21;58685;15;;;58696;1;58697;35;;;58691.0;-4520.75
1;18100;JAMS;6540;79;6539;165;;;6541;79;6542;165;;;6540.5;550.625
1;18100;RAINFOREST_RESIN;10000;6;9996;1;9995;30;10004;1;10005;30;;;10002.0;156.0
1;18100;DJEMBES;13414;56;;;;;13415;56;;;;;13414.5;-786.3125
1;18200;RAINFOREST_RESIN;9998;10;9995;28;;;10005;28;;;;;10001.5;156.0
1;18200;DJEMBES;13414;24;13413;34;;;13415;58;;;;;13414.5;-778.625
1;18200;KELP;2033;28;;;;;2036;28;;;;;2034.5;29.6201171875
1;18200;CROISSANTS;4270;105;;;;;4271;105;;;;;4270.5;-1552.4375
1;18200;JAMS;6540;61;6539;147;;;6541;61;6542;147;;;6540.5;573.25
1;18200;SQUID_INK;1840;28;;;;;1843;28;;;;;1841.5;-785.5
1;18200;PICNIC_BASKET2;30235;1;30233;15;30232;24;30239;39;;;;;30237.0;-1504.25
1;18200;PICNIC_BASKET1;58688;1;58683;15;58682;24;58694;15;58695;24;;;58691.0;-4374.5
1;18300;DJEMBES;13412;64;;;;;13413;23;13414;47;;;13412.5;-740.34375
1;18300;KELP;2033;30;;;;;2036;30;;;;;2034.5;30.18359375
1;18300;SQUID_INK;1839;30;;;;;1842;30;;;;;1840.5;-849.8125
1;18300;PICNIC_BASKET2;30230;22;30229;23;;;30236;45;;;;;30233.0;-1258.5
1;18300;PICNIC_BASKET1;58680;2;58679;20;58678;23;58689;2;58690;20;58691;23;58684.5;-4132.25
1;18300;CROISSANTS;4270;96;;;;;4271;96;;;;;4270.5;-1553.125
1;18300;JAMS;6539;200;;;;;6541;200;;;;;6540.0;627.0
1;18300;RAINFOREST_RESIN;9998;9;9996;2;9995;28;10004;2;10005;28;;;10001.0;156.0
1;18400;SQUID_INK;1838;22;;;;;1842;22;;;;;1840.0;-903.40625
1;18400;PICNIC_BASKET2;30229;19;30228;19;;;30235;38;;;;;30232.0;-1161.5
1;18400;PICNIC_BASKET1;58673;19;58672;19;;;58684;19;58685;19;;;58678.5;-3753.0
1;18400;RAINFOREST_RESIN;9995;22;;;;;10005;22;;;;;10000.0;156.0
1;18400;DJEMBES;13411;66;;;;;13413;66;;;;;13412.0;-745.125
1;18400;KELP;2033;22;;;;;2036;22;;;;;2034.5;30.2822265625
1;18400;CROISSANTS;4270;45;4269;58;;;4271;103;;;;;4270.5;-1501.5
1;18400;JAMS;6539;189;;;;;6541;189;;;;;6540.0;607.5
1;18500;SQUID_INK;1840;32;;;;;1843;26;;;;;1841.5;-849.3984375
1;18500;KELP;2033;32;;;;;2036;26;;;;;2034.5;30.869140625
1;18500;PICNIC_BASKET2;30229;15;30228;20;;;30234;1;30235;34;;;30231.5;-1154.5
1;18500;PICNIC_BASKET1;58677;1;58676;14;58675;20;58686;1;58687;14;58688;20;58681.5;-3992.0
