timestamp,buyer,seller,symbol,currency,price,quantity
0,,,KELP,SEASHELLS,2029,13
0,,,KELP,SEASHELLS,2029,1
0,,,RAINFOREST_RESIN,SEASHELLS,10004,1
800,,SUBMISSION,KELP,SEASHELLS,2024,1
900,,SUBMISSION,KELP,SEASHELLS,2024,22
900,,SUBMISSION,KELP,SEASHELLS,2024,1
1000,,SUBMISSION,KELP,SEASHELLS,2024,26
1100,,,RAINFOREST_RESIN,SEASHELLS,9996,2
1700,,,KELP,SEASHELLS,2026,8
1700,,,RAINFOREST_RESIN,SEASHELLS,10002,1
1800,,,RAINFOREST_RESIN,SEASHELLS,10002,1
1900,,,KELP,SEASHELLS,2026,1
2000,,,RAINFOREST_RESIN,SEASHELLS,9998,1
2400,,,KELP,SEASHELLS,2025,1
2600,SUBMISSION,,KELP,SEASHELLS,2028,23
2700,SUBMISSION,,KELP,SEASHELLS,2027,26
2800,SUBMISSION,,KELP,SEASHELLS,2027,25
2900,SUBMISSION,,KELP,SEASHELLS,2027,25
2900,SUBMISSION,,KELP,SEASHELLS,2027,1
2900,,,RAINFOREST_RESIN,SEASHELLS,9996,1
2900,,,RAINFOREST_RESIN,SEASHELLS,9996,11
3000,,,KELP,SEASHELLS,2027,1
3000,,,RAINFOREST_RESIN,SEASHELLS,10005,1
3100,,SUBMISSION,KELP,SEASHELLS,2023,24
3100,,SUBMISSION,KELP,SEASHELLS,2023,2
3100,,,RAINFOREST_RESIN,SEASHELLS,9996,2
3200,,SUBMISSION,KELP,SEASHELLS,2023,22
3200,,SUBMISSION,KELP,SEASHELLS,2023,1
3200,,,RAINFOREST_RESIN,SEASHELLS,9996,1
3200,,,RAINFOREST_RESIN,SEASHELLS,9996,1
3300,,SUBMISSION,KELP,SEASHELLS,2023,30
3300,,SUBMISSION,KELP,SEASHELLS,2023,2
3400,,SUBMISSION,KELP,SEASHELLS,2023,19
3700,,,RAINFOREST_RESIN,SEASHELLS,10002,1
3800,,,KELP,SEASHELLS,2023,14
3800,,,KELP,SEASHELLS,2023,1
3800,,,RAINFOREST_RESIN,SEASHELLS,9996,1
4100,SUBMISSION,,KELP,SEASHELLS,2027,27
4100,SUBMISSION,,KELP,SEASHELLS,2027,2
4200,SUBMISSION,,KELP,SEASHELLS,2027,24
4200,SUBMISSION,,KELP,SEASHELLS,2027,2
4200,,,RAINFOREST_RESIN,SEASHELLS,9996,2
4300,,SUBMISSION,KELP,SEASHELLS,2023,7
4300,,SUBMISSION,KELP,SEASHELLS,2023,22
4300,,,KELP,SEASHELLS,2025,1
4300,,,RAINFOREST_RESIN,SEASHELLS,9995,2
4400,,SUBMISSION,KELP,SEASHELLS,2023,26
4500,,,KELP,SEASHELLS,2023,1
4700,,,KELP,SEASHELLS,2023,7
4800,,,KELP,SEASHELLS,2027,2
4800,,,RAINFOREST_RESIN,SEASHELLS,10004,2
5300,SUBMISSION,,KELP,SEASHELLS,2026,20
5300,SUBMISSION,,KELP,SEASHELLS,2026,1
5300,,,KELP,SEASHELLS,2025,1
5400,SUBMISSION,,KELP,SEASHELLS,2025,6
5500,SUBMISSION,,KELP,SEASHELLS,2027,27
5600,SUBMISSION,,KELP,SEASHELLS,2027,28
5700,SUBMISSION,,KELP,SEASHELLS,2027,18
5700,,,KELP,SEASHELLS,2024,1
6100,,,KELP,SEASHELLS,2024,1
6500,,,RAINFOREST_RESIN,SEASHELLS,9998,1
6600,,,RAINFOREST_RESIN,SEASHELLS,10004,2
6700,,,RAINFOREST_RESIN,SEASHELLS,10002,3
6800,,SUBMISSION,KELP,SEASHELLS,2024,30
6800,,SUBMISSION,KELP,SEASHELLS,2024,2
6900,,SUBMISSION,KELP,SEASHELLS,2024,26
6900,,SUBMISSION,KELP,SEASHELLS,2024,1
6900,,,KELP,SEASHELLS,2026,1
6900,,,RAINFOREST_RESIN,SEASHELLS,10002,1
7000,,SUBMISSION,KELP,SEASHELLS,2026,4
7000,,,KELP,SEASHELLS,2027,2
7000,,,RAINFOREST_RESIN,SEASHELLS,10005,2
7100,,SUBMISSION,KELP,SEASHELLS,2024,29
7100,,SUBMISSION,KELP,SEASHELLS,2024,1
7200,,SUBMISSION,KELP,SEASHELLS,2024,7
7300,,,KELP,SEASHELLS,2027,2
7300,,,RAINFOREST_RESIN,SEASHELLS,10004,2
7400,,,KELP,SEASHELLS,2024,1
7700,,,KELP,SEASHELLS,2024,1
8100,,,KELP,SEASHELLS,2027,1
8100,,,RAINFOREST_RESIN,SEASHELLS,9996,1
8100,,,RAINFOREST_RESIN,SEASHELLS,9996,1
8600,,,KELP,SEASHELLS,2023,1
8800,,,RAINFOREST_RESIN,SEASHELLS,9998,1
9200,,,KELP,SEASHELLS,2025,1
9900,SUBMISSION,,KELP,SEASHELLS,2026,25
10000,SUBMISSION,,KELP,SEASHELLS,2026,28
10100,SUBMISSION,,KELP,SEASHELLS,2026,24
10100,SUBMISSION,,KELP,SEASHELLS,2026,1
10200,,SUBMISSION,KELP,SEASHELLS,2022,26
10200,,SUBMISSION,KELP,SEASHELLS,2022,2
10300,,SUBMISSION,KELP,SEASHELLS,2024,1
10300,,,RAINFOREST_RESIN,SEASHELLS,9998,1
10400,,SUBMISSION,KELP,SEASHELLS,2023,1
10400,,,RAINFOREST_RESIN,SEASHELLS,10002,1
10500,,SUBMISSION,KELP,SEASHELLS,2023,2
10600,,SUBMISSION,KELP,SEASHELLS,2022,29
10600,,SUBMISSION,KELP,SEASHELLS,2022,2
10700,,SUBMISSION,KELP,SEASHELLS,2022,1
10700,,SUBMISSION,KELP,SEASHELLS,2022,14
10800,,,RAINFOREST_RESIN,SEASHELLS,10004,2
10800,,,RAINFOREST_RESIN,SEASHELLS,10004,10
11100,,,RAINFOREST_RESIN,SEASHELLS,9998,3
11100,,,RAINFOREST_RESIN,SEASHELLS,9998,4
11300,,,KELP,SEASHELLS,2022,3
11400,,,KELP,SEASHELLS,2022,2
11400,,,RAINFOREST_RESIN,SEASHELLS,9996,1
11500,,,RAINFOREST_RESIN,SEASHELLS,10002,2
11700,,,KELP,SEASHELLS,2023,2
11800,,,KELP,SEASHELLS,2025,1
12000,SUBMISSION,,KELP,SEASHELLS,2026,20
12000,,,RAINFOREST_RESIN,SEASHELLS,10002,1
12100,SUBMISSION,,KELP,SEASHELLS,2025,1
12200,SUBMISSION,,KELP,SEASHELLS,2026,28
12200,SUBMISSION,,KELP,SEASHELLS,2026,2
12300,SUBMISSION,,KELP,SEASHELLS,2026,28
12300,SUBMISSION,,KELP,SEASHELLS,2026,1
12400,SUBMISSION,,KELP,SEASHELLS,2026,20
12400,,,KELP,SEASHELLS,2026,6
12400,,,KELP,SEASHELLS,2026,9
12500,,,KELP,SEASHELLS,2023,1
13000,,,KELP,SEASHELLS,2025,1
13000,,,RAINFOREST_RESIN,SEASHELLS,10002,1
13200,,SUBMISSION,KELP,SEASHELLS,2022,22
13200,,,RAINFOREST_RESIN,SEASHELLS,9998,2
13300,,SUBMISSION,KELP,SEASHELLS,2023,6
13300,,,KELP,SEASHELLS,2026,2
13300,,,RAINFOREST_RESIN,SEASHELLS,10005,2
13400,,SUBMISSION,KELP,SEASHELLS,2023,30
13400,,SUBMISSION,KELP,SEASHELLS,2023,2
13500,,SUBMISSION,KELP,SEASHELLS,2022,30
13600,,SUBMISSION,KELP,SEASHELLS,2023,10
13600,,,KELP,SEASHELLS,2023,1
14200,,,KELP,SEASHELLS,2023,1
15000,,,KELP,SEASHELLS,2024,2
15200,,,KELP,SEASHELLS,2022,1
15300,,,RAINFOREST_RESIN,SEASHELLS,10002,1
15400,,,RAINFOREST_RESIN,SEASHELLS,9998,1
15600,,,KELP,SEASHELLS,2025,2
15600,,,RAINFOREST_RESIN,SEASHELLS,10004,2
15700,,,RAINFOREST_RESIN,SEASHELLS,10002,1
15800,SUBMISSION,,KELP,SEASHELLS,2026,20
15800,SUBMISSION,,KELP,SEASHELLS,2026,2
15800,,,KELP,SEASHELLS,2025,1
15900,SUBMISSION,,KELP,SEASHELLS,2024,6
16000,SUBMISSION,,KELP,SEASHELLS,2025,2
16100,,SUBMISSION,KELP,SEASHELLS,2022,21
16200,,SUBMISSION,KELP,SEASHELLS,2022,9
16200,,,KELP,SEASHELLS,2023,1
16200,,,KELP,SEASHELLS,2023,1
16200,,,RAINFOREST_RESIN,SEASHELLS,9998,1
16300,,,RAINFOREST_RESIN,SEASHELLS,10004,1
16400,,,RAINFOREST_RESIN,SEASHELLS,10002,1
16600,,,KELP,SEASHELLS,2023,1
16700,,,KELP,SEASHELLS,2025,1
16700,,,RAINFOREST_RESIN,SEASHELLS,10002,1
16800,,,RAINFOREST_RESIN,SEASHELLS,9995,5
17700,SUBMISSION,,KELP,SEASHELLS,2026,27
17700,SUBMISSION,,KELP,SEASHELLS,2026,2
17800,SUBMISSION,,KELP,SEASHELLS,2026,2
17900,SUBMISSION,,KELP,SEASHELLS,2027,23
18000,SUBMISSION,,KELP,SEASHELLS,2026,25
18000,SUBMISSION,,KELP,SEASHELLS,2026,2
18100,SUBMISSION,,KELP,SEASHELLS,2027,19
18200,,,KELP,SEASHELLS,2024,4
18200,,,KELP,SEASHELLS,2024,1
18500,,,KELP,SEASHELLS,2026,1
19000,,,KELP,SEASHELLS,2024,10
19300,,,KELP,SEASHELLS,2024,1
19300,,,RAINFOREST_RESIN,SEASHELLS,9996,1
19700,,,KELP,SEASHELLS,2024,1
19700,,,RAINFOREST_RESIN,SEASHELLS,10002,1
20100,,SUBMISSION,KELP,SEASHELLS,2023,30
20100,,SUBMISSION,KELP,SEASHELLS,2023,1
20100,,,RAINFOREST_RESIN,SEASHELLS,10002,4
20100,,,RAINFOREST_RESIN,SEASHELLS,10002,1
20200,,SUBMISSION,KELP,SEASHELLS,2023,29
20200,,,RAINFOREST_RESIN,SEASHELLS,9998,1
20300,,SUBMISSION,KELP,SEASHELLS,2024,26
20300,,,KELP,SEASHELLS,2024,1
20400,,SUBMISSION,KELP,SEASHELLS,2024,1
20400,,SUBMISSION,KELP,SEASHELLS,2024,13
20400,,,KELP,SEASHELLS,2025,4
20500,SUBMISSION,,KELP,SEASHELLS,2027,30
20500,SUBMISSION,,KELP,SEASHELLS,2027,2
20500,,,RAINFOREST_RESIN,SEASHELLS,9998,1
20600,SUBMISSION,,KELP,SEASHELLS,2027,26
20600,SUBMISSION,,KELP,SEASHELLS,2027,2
20700,SUBMISSION,,KELP,SEASHELLS,2027,22
20700,,,RAINFOREST_RESIN,SEASHELLS,10002,1
20800,SUBMISSION,,KELP,SEASHELLS,2027,18
21200,,,RAINFOREST_RESIN,SEASHELLS,9998,1
21300,,,RAINFOREST_RESIN,SEASHELLS,9996,1
21300,,,RAINFOREST_RESIN,SEASHELLS,9996,7
21700,,,KELP,SEASHELLS,2027,8
22100,,,KELP,SEASHELLS,2024,1
22200,,,RAINFOREST_RESIN,SEASHELLS,9998,6
22300,,SUBMISSION,KELP,SEASHELLS,2023,28
22300,,SUBMISSION,KELP,SEASHELLS,2023,1
22400,,SUBMISSION,KELP,SEASHELLS,2023,27
22400,,SUBMISSION,KELP,SEASHELLS,2023,2
22400,,,RAINFOREST_RESIN,SEASHELLS,9998,1
22500,,SUBMISSION,KELP,SEASHELLS,2023,29
22500,,SUBMISSION,KELP,SEASHELLS,2023,2
22500,,,KELP,SEASHELLS,2026,11
22600,,SUBMISSION,KELP,SEASHELLS,2024,6
22700,,SUBMISSION,KELP,SEASHELLS,2023,5
22700,,,KELP,SEASHELLS,2023,1
22800,,,KELP,SEASHELLS,2023,1
22800,,,RAINFOREST_RESIN,SEASHELLS,9998,2
23200,,,KELP,SEASHELLS,2023,2
23200,,,RAINFOREST_RESIN,SEASHELLS,9998,2
23300,,,RAINFOREST_RESIN,SEASHELLS,9998,1
23500,,,KELP,SEASHELLS,2023,1
23700,,,RAINFOREST_RESIN,SEASHELLS,10002,1
23800,SUBMISSION,,KELP,SEASHELLS,2026,30
23900,SUBMISSION,,KELP,SEASHELLS,2026,30
23900,,,KELP,SEASHELLS,2025,1
24000,SUBMISSION,,KELP,SEASHELLS,2026,29
24100,SUBMISSION,,KELP,SEASHELLS,2025,3
24100,,,KELP,SEASHELLS,2025,1
24100,,,RAINFOREST_RESIN,SEASHELLS,9996,1
24100,,,RAINFOREST_RESIN,SEASHELLS,9996,7
24200,SUBMISSION,,KELP,SEASHELLS,2026,8
24500,,,KELP,SEASHELLS,2022,2
24500,,,RAINFOREST_RESIN,SEASHELLS,10002,1
24600,,SUBMISSION,KELP,SEASHELLS,2022,24
24600,,,KELP,SEASHELLS,2024,5
24600,,,RAINFOREST_RESIN,SEASHELLS,9998,2
24700,,SUBMISSION,KELP,SEASHELLS,2023,25
24800,,SUBMISSION,KELP,SEASHELLS,2022,23
24900,,SUBMISSION,KELP,SEASHELLS,2024,4
24900,,,KELP,SEASHELLS,2022,10
25000,,SUBMISSION,KELP,SEASHELLS,2023,23
25100,,SUBMISSION,KELP,SEASHELLS,2022,1
25100,,,RAINFOREST_RESIN,SEASHELLS,10002,1
25200,,,KELP,SEASHELLS,2025,1
25200,,,RAINFOREST_RESIN,SEASHELLS,10002,1
25200,,,RAINFOREST_RESIN,SEASHELLS,9998,3
25200,,,RAINFOREST_RESIN,SEASHELLS,9998,5
25300,,,KELP,SEASHELLS,2023,1
25400,SUBMISSION,,KELP,SEASHELLS,2026,29
25400,SUBMISSION,,KELP,SEASHELLS,2026,1
25500,SUBMISSION,,KELP,SEASHELLS,2025,20
25500,SUBMISSION,,KELP,SEASHELLS,2025,1
25600,SUBMISSION,,KELP,SEASHELLS,2026,22
25600,SUBMISSION,,KELP,SEASHELLS,2026,1
25700,SUBMISSION,,KELP,SEASHELLS,2025,6
25700,,,RAINFOREST_RESIN,SEASHELLS,10004,2
25800,SUBMISSION,,KELP,SEASHELLS,2026,20
25800,,,KELP,SEASHELLS,2023,1
26000,,,KELP,SEASHELLS,2023,7
26300,,,RAINFOREST_RESIN,SEASHELLS,9998,1
26400,,,KELP,SEASHELLS,2023,1
26600,,,RAINFOREST_RESIN,SEASHELLS,9998,1
26700,,SUBMISSION,KELP,SEASHELLS,2023,23
26700,,SUBMISSION,KELP,SEASHELLS,2023,1
26800,SUBMISSION,,KELP,SEASHELLS,2026,24
26900,,,KELP,SEASHELLS,2023,1
27300,,,KELP,SEASHELLS,2025,1
27600,,,KELP,SEASHELLS,2023,1
27600,,,RAINFOREST_RESIN,SEASHELLS,9998,4
27700,,,KELP,SEASHELLS,2023,5
27800,,,KELP,SEASHELLS,2025,1
27900,,,KELP,SEASHELLS,2025,1
28200,,,KELP,SEASHELLS,2025,5
28200,,,RAINFOREST_RESIN,SEASHELLS,9998,2
28300,,SUBMISSION,KELP,SEASHELLS,2023,23
28300,,SUBMISSION,KELP,SEASHELLS,2023,1
28400,,SUBMISSION,KELP,SEASHELLS,2023,22
28400,,SUBMISSION,KELP,SEASHELLS,2023,2
28400,,,KELP,SEASHELLS,2023,1
28500,,SUBMISSION,KELP,SEASHELLS,2023,23
28600,,SUBMISSION,KELP,SEASHELLS,2023,21
28600,,SUBMISSION,KELP,SEASHELLS,2023,2
28700,,SUBMISSION,KELP,SEASHELLS,2023,6
29000,,,KELP,SEASHELLS,2024,1
29000,,,RAINFOREST_RESIN,SEASHELLS,10005,8
29200,SUBMISSION,,KELP,SEASHELLS,2027,30
29200,SUBMISSION,,KELP,SEASHELLS,2027,1
29300,SUBMISSION,,KELP,SEASHELLS,2026,2
29300,,,KELP,SEASHELLS,2027,12
29400,SUBMISSION,,KELP,SEASHELLS,2027,25
29400,SUBMISSION,,KELP,SEASHELLS,2027,1
29400,,,KELP,SEASHELLS,2024,1
29400,,,RAINFOREST_RESIN,SEASHELLS,10002,1
29500,SUBMISSION,,KELP,SEASHELLS,2027,27
29500,SUBMISSION,,KELP,SEASHELLS,2027,2
29600,,SUBMISSION,KELP,SEASHELLS,2024,2
29700,,SUBMISSION,KELP,SEASHELLS,2024,2
29700,,SUBMISSION,KELP,SEASHELLS,2024,25
29700,,SUBMISSION,KELP,SEASHELLS,2024,1
29700,,,KELP,SEASHELLS,2024,1
29800,,SUBMISSION,KELP,SEASHELLS,2024,30
29800,,SUBMISSION,KELP,SEASHELLS,2024,1
29900,,SUBMISSION,KELP,SEASHELLS,2025,8
30000,,SUBMISSION,KELP,SEASHELLS,2024,19
30000,,,RAINFOREST_RESIN,SEASHELLS,9998,1
30000,,,RAINFOREST_RESIN,SEASHELLS,9998,3
30200,,,KELP,SEASHELLS,2027,10
30300,,,KELP,SEASHELLS,2026,1
30600,,,KELP,SEASHELLS,2024,1
30600,,,KELP,SEASHELLS,2027,1
30600,,,RAINFOREST_RESIN,SEASHELLS,10002,1
31300,,,KELP,SEASHELLS,2023,13
31600,,,KELP,SEASHELLS,2025,1
31900,,,RAINFOREST_RESIN,SEASHELLS,10005,2
32400,,,KELP,SEASHELLS,2023,1
32500,,,KELP,SEASHELLS,2023,1
32600,,,KELP,SEASHELLS,2027,2
32600,,,RAINFOREST_RESIN,SEASHELLS,10005,2
32600,,,RAINFOREST_RESIN,SEASHELLS,10002,1
32800,,,RAINFOREST_RESIN,SEASHELLS,9996,2
33000,SUBMISSION,,KELP,SEASHELLS,2026,28
33000,SUBMISSION,,KELP,SEASHELLS,2026,2
33000,,,RAINFOREST_RESIN,SEASHELLS,10002,6
33100,SUBMISSION,,KELP,SEASHELLS,2025,3
33100,,,KELP,SEASHELLS,2023,1
33200,,SUBMISSION,KELP,SEASHELLS,2023,19
33200,,SUBMISSION,KELP,SEASHELLS,2023,1
33200,,,KELP,SEASHELLS,2023,1
33200,,,KELP,SEASHELLS,2024,10
33300,,SUBMISSION,KELP,SEASHELLS,2024,1
33400,,SUBMISSION,KELP,SEASHELLS,2023,12
33500,,,KELP,SEASHELLS,2026,1
33500,,,RAINFOREST_RESIN,SEASHELLS,10004,1
33600,,,RAINFOREST_RESIN,SEASHELLS,10002,6
34000,,,KELP,SEASHELLS,2023,1
34100,,,RAINFOREST_RESIN,SEASHELLS,9996,1
34100,,,RAINFOREST_RESIN,SEASHELLS,9996,2
34200,,,KELP,SEASHELLS,2022,9
34300,,,RAINFOREST_RESIN,SEASHELLS,10002,1
34600,,,KELP,SEASHELLS,2023,1
35000,SUBMISSION,,KELP,SEASHELLS,2026,20
35000,,,KELP,SEASHELLS,2025,1
35000,,,RAINFOREST_RESIN,SEASHELLS,10002,1
35100,SUBMISSION,,KELP,SEASHELLS,2026,29
35100,SUBMISSION,,KELP,SEASHELLS,2026,2
35100,,,RAINFOREST_RESIN,SEASHELLS,10002,3
35200,SUBMISSION,,KELP,SEASHELLS,2026,28
35200,SUBMISSION,,KELP,SEASHELLS,2026,2
35300,SUBMISSION,,KELP,SEASHELLS,2026,19
35300,,,KELP,SEASHELLS,2025,1
35300,,,KELP,SEASHELLS,2023,8
35400,,,KELP,SEASHELLS,2025,1
35400,,,RAINFOREST_RESIN,SEASHELLS,10002,3
35800,,,KELP,SEASHELLS,2023,2
36000,,SUBMISSION,KELP,SEASHELLS,2022,30
36100,,SUBMISSION,KELP,SEASHELLS,2022,24
36100,,SUBMISSION,KELP,SEASHELLS,2022,2
36100,,,RAINFOREST_RESIN,SEASHELLS,10002,1
36200,,SUBMISSION,KELP,SEASHELLS,2022,29
36200,,SUBMISSION,KELP,SEASHELLS,2022,1
36200,,,RAINFOREST_RESIN,SEASHELLS,9998,1
36300,,SUBMISSION,KELP,SEASHELLS,2022,14
36400,,,KELP,SEASHELLS,2024,1
36500,,,KELP,SEASHELLS,2023,2
37300,,,KELP,SEASHELLS,2021,1
37500,,,KELP,SEASHELLS,2020,1
37500,,,RAINFOREST_RESIN,SEASHELLS,9996,1
37800,,,KELP,SEASHELLS,2020,1
38400,,,KELP,SEASHELLS,2020,6
38500,,,RAINFOREST_RESIN,SEASHELLS,10002,1
38600,,,KELP,SEASHELLS,2019,1
38600,,,RAINFOREST_RESIN,SEASHELLS,9996,1
38800,,,RAINFOREST_RESIN,SEASHELLS,9996,1
39100,SUBMISSION,,KELP,SEASHELLS,2023,24
39100,SUBMISSION,,KELP,SEASHELLS,2023,1
39200,SUBMISSION,,KELP,SEASHELLS,2022,2
39200,,,KELP,SEASHELLS,2022,1
39200,,,RAINFOREST_RESIN,SEASHELLS,9998,1
39300,SUBMISSION,,KELP,SEASHELLS,2023,27
39400,SUBMISSION,,KELP,SEASHELLS,2022,5
39400,,,KELP,SEASHELLS,2023,1
39400,,,RAINFOREST_RESIN,SEASHELLS,10004,1
39500,SUBMISSION,,KELP,SEASHELLS,2021,3
39500,,,RAINFOREST_RESIN,SEASHELLS,9998,1
39600,SUBMISSION,,KELP,SEASHELLS,2023,23
39700,SUBMISSION,,KELP,SEASHELLS,2022,2
39800,SUBMISSION,,KELP,SEASHELLS,2022,1
39900,SUBMISSION,,KELP,SEASHELLS,2022,12
40500,,,KELP,SEASHELLS,2019,1
40700,,SUBMISSION,KELP,SEASHELLS,2018,20
40700,,SUBMISSION,KELP,SEASHELLS,2018,2
40800,,SUBMISSION,KELP,SEASHELLS,2018,27
40900,,SUBMISSION,KELP,SEASHELLS,2017,26
40900,,SUBMISSION,KELP,SEASHELLS,2017,2
40900,,,RAINFOREST_RESIN,SEASHELLS,10004,2
40900,,,RAINFOREST_RESIN,SEASHELLS,10004,1
40900,,,RAINFOREST_RESIN,SEASHELLS,10004,8
41000,,SUBMISSION,KELP,SEASHELLS,2018,20
41000,,,KELP,SEASHELLS,2018,1
41100,,SUBMISSION,KELP,SEASHELLS,2018,3
41100,,,KELP,SEASHELLS,2018,2
41100,,,KELP,SEASHELLS,2018,1
41500,,,KELP,SEASHELLS,2019,5
41700,SUBMISSION,,KELP,SEASHELLS,2021,21
41700,,,KELP,SEASHELLS,2018,1
41800,SUBMISSION,,KELP,SEASHELLS,2021,22
41800,SUBMISSION,,KELP,SEASHELLS,2021,2
41900,SUBMISSION,,KELP,SEASHELLS,2020,1
41900,,,KELP,SEASHELLS,2020,1
42000,SUBMISSION,,KELP,SEASHELLS,2020,5
42000,,,KELP,SEASHELLS,2018,1
42000,,,KELP,SEASHELLS,2021,10
42100,SUBMISSION,,KELP,SEASHELLS,2021,2
42200,SUBMISSION,,KELP,SEASHELLS,2022,28
42300,SUBMISSION,,KELP,SEASHELLS,2019,7
42400,SUBMISSION,,KELP,SEASHELLS,2022,12
42400,,,KELP,SEASHELLS,2019,1
42500,,,KELP,SEASHELLS,2019,1
42500,,,RAINFOREST_RESIN,SEASHELLS,10002,3
42500,,,RAINFOREST_RESIN,SEASHELLS,10002,1
42600,,,KELP,SEASHELLS,2019,2
42600,,,RAINFOREST_RESIN,SEASHELLS,9995,2
42900,,,KELP,SEASHELLS,2022,2
42900,,,RAINFOREST_RESIN,SEASHELLS,10005,2
43500,,,KELP,SEASHELLS,2020,1
43900,,,RAINFOREST_RESIN,SEASHELLS,10002,4
44400,,SUBMISSION,KELP,SEASHELLS,2018,28
44500,,SUBMISSION,KELP,SEASHELLS,2021,1
44600,,SUBMISSION,KELP,SEASHELLS,2019,23
44600,,SUBMISSION,KELP,SEASHELLS,2019,1
44700,,SUBMISSION,KELP,SEASHELLS,2019,29
44800,,SUBMISSION,KELP,SEASHELLS,2018,18
44800,,,RAINFOREST_RESIN,SEASHELLS,9998,1
45000,,,RAINFOREST_RESIN,SEASHELLS,10002,1
45400,,,KELP,SEASHELLS,2018,1
45500,,,KELP,SEASHELLS,2019,3
45800,,,KELP,SEASHELLS,2018,1
45900,SUBMISSION,,KELP,SEASHELLS,2022,30
45900,SUBMISSION,,KELP,SEASHELLS,2022,1
45900,,,RAINFOREST_RESIN,SEASHELLS,10004,1
45900,,,RAINFOREST_RESIN,SEASHELLS,10004,1
46000,SUBMISSION,,KELP,SEASHELLS,2022,24
46000,SUBMISSION,,KELP,SEASHELLS,2022,2
46100,SUBMISSION,,KELP,SEASHELLS,2022,23
46100,SUBMISSION,,KELP,SEASHELLS,2022,2
46200,SUBMISSION,,KELP,SEASHELLS,2021,1
46300,SUBMISSION,,KELP,SEASHELLS,2021,17
46600,,,KELP,SEASHELLS,2019,2
46600,,,RAINFOREST_RESIN,SEASHELLS,9998,2
46900,,,KELP,SEASHELLS,2021,1
47100,,,KELP,SEASHELLS,2019,4
47100,,,RAINFOREST_RESIN,SEASHELLS,9998,1
47500,,,RAINFOREST_RESIN,SEASHELLS,10002,4
48100,,,KELP,SEASHELLS,2019,1
48100,,,KELP,SEASHELLS,2019,1
48100,,,RAINFOREST_RESIN,SEASHELLS,9995,2
48300,,SUBMISSION,KELP,SEASHELLS,2018,28
48300,,SUBMISSION,KELP,SEASHELLS,2018,1
48400,,SUBMISSION,KELP,SEASHELLS,2019,1
48500,,SUBMISSION,KELP,SEASHELLS,2019,1
48600,,SUBMISSION,KELP,SEASHELLS,2019,1
48600,,,KELP,SEASHELLS,2019,1
48600,,,KELP,SEASHELLS,2018,1
48600,,,RAINFOREST_RESIN,SEASHELLS,9996,1
48700,,SUBMISSION,KELP,SEASHELLS,2018,22
48700,,SUBMISSION,KELP,SEASHELLS,2018,1
48800,,SUBMISSION,KELP,SEASHELLS,2019,5
48800,,SUBMISSION,KELP,SEASHELLS,2019,23
48800,,SUBMISSION,KELP,SEASHELLS,2019,1
48900,,SUBMISSION,KELP,SEASHELLS,2019,7
48900,,SUBMISSION,KELP,SEASHELLS,2019,9
49000,,,KELP,SEASHELLS,2019,1
49200,,,KELP,SEASHELLS,2022,11
49300,,,KELP,SEASHELLS,2019,1
49400,SUBMISSION,,KELP,SEASHELLS,2022,20
49400,,,KELP,SEASHELLS,2021,9
49500,SUBMISSION,,KELP,SEASHELLS,2022,30
49500,SUBMISSION,,KELP,SEASHELLS,2022,2
49600,SUBMISSION,,KELP,SEASHELLS,2022,24
49600,,,KELP,SEASHELLS,2021,1
49700,SUBMISSION,,KELP,SEASHELLS,2022,24
49800,,SUBMISSION,KELP,SEASHELLS,2019,23
49800,,SUBMISSION,KELP,SEASHELLS,2019,2
49800,,,KELP,SEASHELLS,2020,5
49900,,SUBMISSION,KELP,SEASHELLS,2019,23
49900,,,KELP,SEASHELLS,2023,2
49900,,,RAINFOREST_RESIN,SEASHELLS,9998,6
49900,,,RAINFOREST_RESIN,SEASHELLS,10005,2
50000,,SUBMISSION,KELP,SEASHELLS,2019,20
50000,,SUBMISSION,KELP,SEASHELLS,2019,1
50100,,SUBMISSION,KELP,SEASHELLS,2019,24
50200,,SUBMISSION,KELP,SEASHELLS,2019,7
50400,,,RAINFOREST_RESIN,SEASHELLS,9998,1
50600,,,KELP,SEASHELLS,2020,2
50600,,,KELP,SEASHELLS,2019,1
50600,,,KELP,SEASHELLS,2020,6
50600,,,RAINFOREST_RESIN,SEASHELLS,10002,1
50700,SUBMISSION,,KELP,SEASHELLS,2023,22
50700,SUBMISSION,,KELP,SEASHELLS,2023,2
50800,SUBMISSION,,KELP,SEASHELLS,2023,22
50800,SUBMISSION,,KELP,SEASHELLS,2023,2
50900,SUBMISSION,,KELP,SEASHELLS,2022,4
51000,SUBMISSION,,KELP,SEASHELLS,2023,26
51000,SUBMISSION,,KELP,SEASHELLS,2023,2
51100,SUBMISSION,,KELP,SEASHELLS,2023,20
51300,,,KELP,SEASHELLS,2020,13
51600,,,KELP,SEASHELLS,2023,2
51600,,,RAINFOREST_RESIN,SEASHELLS,10002,1
51600,,,RAINFOREST_RESIN,SEASHELLS,10002,1
51700,,,KELP,SEASHELLS,2020,4
51700,,,RAINFOREST_RESIN,SEASHELLS,9995,11
51900,,,RAINFOREST_RESIN,SEASHELLS,9996,1
52000,,SUBMISSION,KELP,SEASHELLS,2019,29
52100,,SUBMISSION,KELP,SEASHELLS,2019,21
52100,,,RAINFOREST_RESIN,SEASHELLS,9995,8
52200,,SUBMISSION,KELP,SEASHELLS,2019,29
52200,,SUBMISSION,KELP,SEASHELLS,2019,2
52300,,SUBMISSION,KELP,SEASHELLS,2022,1
52300,,,RAINFOREST_RESIN,SEASHELLS,10002,1
52400,,SUBMISSION,KELP,SEASHELLS,2020,18
52700,,,KELP,SEASHELLS,2019,1
52900,,,RAINFOREST_RESIN,SEASHELLS,10005,6
53900,,,KELP,SEASHELLS,2023,2
53900,,,RAINFOREST_RESIN,SEASHELLS,10004,2
54100,,,KELP,SEASHELLS,2020,1
54100,,,RAINFOREST_RESIN,SEASHELLS,9998,1
54300,SUBMISSION,,KELP,SEASHELLS,2023,23
54300,SUBMISSION,,KELP,SEASHELLS,2023,2
54300,,,KELP,SEASHELLS,2022,1
54300,,,RAINFOREST_RESIN,SEASHELLS,10004,2
54300,,,RAINFOREST_RESIN,SEASHELLS,10004,1
54400,,SUBMISSION,KELP,SEASHELLS,2019,25
54600,,,RAINFOREST_RESIN,SEASHELLS,10002,3
54700,,,KELP,SEASHELLS,2020,4
55000,,,KELP,SEASHELLS,2019,1
55100,,,KELP,SEASHELLS,2022,2
55100,,,RAINFOREST_RESIN,SEASHELLS,10005,2
55200,,,KELP,SEASHELLS,2019,2
55200,,,KELP,SEASHELLS,2019,3
55500,SUBMISSION,,KELP,SEASHELLS,2022,25
55600,SUBMISSION,,KELP,SEASHELLS,2022,26
55700,SUBMISSION,,KELP,SEASHELLS,2022,21
55700,SUBMISSION,,KELP,SEASHELLS,2022,2
55700,,,KELP,SEASHELLS,2019,1
55700,,,RAINFOREST_RESIN,SEASHELLS,9996,1
55800,SUBMISSION,,KELP,SEASHELLS,2022,26
56700,,,KELP,SEASHELLS,2020,2
57000,,SUBMISSION,KELP,SEASHELLS,2018,27
57000,,SUBMISSION,KELP,SEASHELLS,2018,1
57100,,SUBMISSION,KELP,SEASHELLS,2017,25
57100,,SUBMISSION,KELP,SEASHELLS,2017,2
57200,,SUBMISSION,KELP,SEASHELLS,2019,1
57200,,,RAINFOREST_RESIN,SEASHELLS,10002,2
57300,,SUBMISSION,KELP,SEASHELLS,2017,26
57300,,SUBMISSION,KELP,SEASHELLS,2017,1
57400,,SUBMISSION,KELP,SEASHELLS,2017,17
57500,,,KELP,SEASHELLS,2019,5
57800,,,RAINFOREST_RESIN,SEASHELLS,9998,1
57900,,,KELP,SEASHELLS,2018,2
57900,,,RAINFOREST_RESIN,SEASHELLS,9998,1
58000,,,KELP,SEASHELLS,2020,1
58000,,,KELP,SEASHELLS,2020,11
58000,,,RAINFOREST_RESIN,SEASHELLS,9998,4
58100,,,RAINFOREST_RESIN,SEASHELLS,10005,3
58400,,,KELP,SEASHELLS,2016,15
58600,,,RAINFOREST_RESIN,SEASHELLS,10002,1
58800,,,RAINFOREST_RESIN,SEASHELLS,9995,12
59100,,,KELP,SEASHELLS,2019,1
59100,,,RAINFOREST_RESIN,SEASHELLS,10005,1
59300,,,KELP,SEASHELLS,2016,1
60000,,,KELP,SEASHELLS,2018,1
60000,,,RAINFOREST_RESIN,SEASHELLS,9998,2
60000,,,RAINFOREST_RESIN,SEASHELLS,10005,1
60200,,,KELP,SEASHELLS,2016,1
60200,,,RAINFOREST_RESIN,SEASHELLS,9995,8
60700,,,KELP,SEASHELLS,2017,1
60800,,,KELP,SEASHELLS,2015,1
60900,,,KELP,SEASHELLS,2015,3
61200,,,KELP,SEASHELLS,2016,2
61700,,,KELP,SEASHELLS,2014,1
61900,,,KELP,SEASHELLS,2017,2
61900,,,RAINFOREST_RESIN,SEASHELLS,9998,1
62000,,,KELP,SEASHELLS,2016,1
62200,,,RAINFOREST_RESIN,SEASHELLS,10002,4
62300,,,RAINFOREST_RESIN,SEASHELLS,10005,2
62800,,,KELP,SEASHELLS,2015,1
62900,SUBMISSION,,KELP,SEASHELLS,2018,1
62900,,,RAINFOREST_RESIN,SEASHELLS,9998,4
63000,SUBMISSION,,KELP,SEASHELLS,2018,4
63000,,,KELP,SEASHELLS,2018,1
63100,SUBMISSION,,KELP,SEASHELLS,2020,24
63100,SUBMISSION,,KELP,SEASHELLS,2020,2
63100,,,KELP,SEASHELLS,2016,1
63200,SUBMISSION,,KELP,SEASHELLS,2020,28
63300,SUBMISSION,,KELP,SEASHELLS,2019,2
63400,SUBMISSION,,KELP,SEASHELLS,2020,24
63400,SUBMISSION,,KELP,SEASHELLS,2020,2
63400,,,KELP,SEASHELLS,2018,5
63500,SUBMISSION,,KELP,SEASHELLS,2019,13
63600,,,KELP,SEASHELLS,2018,1
63800,,,KELP,SEASHELLS,2016,1
63900,,,RAINFOREST_RESIN,SEASHELLS,9995,12
64000,,,KELP,SEASHELLS,2016,1
64000,,,RAINFOREST_RESIN,SEASHELLS,9998,1
64200,,SUBMISSION,KELP,SEASHELLS,2015,24
64200,,SUBMISSION,KELP,SEASHELLS,2015,1
64200,,,RAINFOREST_RESIN,SEASHELLS,9996,1
64200,,,RAINFOREST_RESIN,SEASHELLS,9996,2
64300,,SUBMISSION,KELP,SEASHELLS,2015,22
64300,,SUBMISSION,KELP,SEASHELLS,2015,1
64400,,SUBMISSION,KELP,SEASHELLS,2015,2
64400,,SUBMISSION,KELP,SEASHELLS,2015,27
64400,,SUBMISSION,KELP,SEASHELLS,2015,2
64400,,,RAINFOREST_RESIN,SEASHELLS,9998,4
64500,,SUBMISSION,KELP,SEASHELLS,2015,21
64500,,,RAINFOREST_RESIN,SEASHELLS,9998,1
65000,,,RAINFOREST_RESIN,SEASHELLS,9998,1
65100,,,RAINFOREST_RESIN,SEASHELLS,9996,2
65100,,,RAINFOREST_RESIN,SEASHELLS,9996,1
65200,SUBMISSION,,KELP,SEASHELLS,2019,29
65300,SUBMISSION,,KELP,SEASHELLS,2017,2
65300,,,RAINFOREST_RESIN,SEASHELLS,10002,2
65400,,SUBMISSION,KELP,SEASHELLS,2015,26
65400,,SUBMISSION,KELP,SEASHELLS,2015,2
65400,,,KELP,SEASHELLS,2016,3
65500,,SUBMISSION,KELP,SEASHELLS,2015,3
66000,,,RAINFOREST_RESIN,SEASHELLS,9998,1
66200,SUBMISSION,,KELP,SEASHELLS,2019,20
66300,SUBMISSION,,KELP,SEASHELLS,2019,24
66300,SUBMISSION,,KELP,SEASHELLS,2019,1
66300,,,KELP,SEASHELLS,2018,1
66400,SUBMISSION,,KELP,SEASHELLS,2019,21
66500,SUBMISSION,,KELP,SEASHELLS,2019,20
66500,SUBMISSION,,KELP,SEASHELLS,2019,2
66600,SUBMISSION,,KELP,SEASHELLS,2017,3
66700,SUBMISSION,,KELP,SEASHELLS,2018,9
66900,,,KELP,SEASHELLS,2017,1
67100,,,KELP,SEASHELLS,2018,9
67200,,,KELP,SEASHELLS,2015,1
67300,,,RAINFOREST_RESIN,SEASHELLS,9998,5
67500,,,KELP,SEASHELLS,2015,1
67600,,,KELP,SEASHELLS,2018,12
68000,,,KELP,SEASHELLS,2015,6
68100,,SUBMISSION,KELP,SEASHELLS,2015,29
68100,,SUBMISSION,KELP,SEASHELLS,2015,2
68100,,,RAINFOREST_RESIN,SEASHELLS,9998,2
68200,SUBMISSION,,KELP,SEASHELLS,2018,29
68200,SUBMISSION,,KELP,SEASHELLS,2018,2
68200,,,KELP,SEASHELLS,2017,1
68300,,,KELP,SEASHELLS,2017,1
68600,,,KELP,SEASHELLS,2015,1
68900,,,KELP,SEASHELLS,2017,1
69100,,,KELP,SEASHELLS,2017,1
69100,,,KELP,SEASHELLS,2015,8
69100,,,KELP,SEASHELLS,2015,1
69200,,,KELP,SEASHELLS,2017,2
69200,,,KELP,SEASHELLS,2017,1
69300,,,KELP,SEASHELLS,2017,1
69300,,,RAINFOREST_RESIN,SEASHELLS,9998,1
69600,,,KELP,SEASHELLS,2015,1
69700,,,KELP,SEASHELLS,2015,2
69700,,,RAINFOREST_RESIN,SEASHELLS,10002,1
70100,,,KELP,SEASHELLS,2015,1
70300,,,RAINFOREST_RESIN,SEASHELLS,9998,2
70400,,SUBMISSION,KELP,SEASHELLS,2015,26
70500,,SUBMISSION,KELP,SEASHELLS,2015,23
70600,,SUBMISSION,KELP,SEASHELLS,2015,6
70600,,SUBMISSION,KELP,SEASHELLS,2015,27
70600,,SUBMISSION,KELP,SEASHELLS,2015,1
70600,,,RAINFOREST_RESIN,SEASHELLS,9996,1
70700,,SUBMISSION,KELP,SEASHELLS,2015,17
70800,,,KELP,SEASHELLS,2015,1
71200,,,KELP,SEASHELLS,2015,1
71200,,,RAINFOREST_RESIN,SEASHELLS,10002,1
71500,,,KELP,SEASHELLS,2015,3
71500,,,RAINFOREST_RESIN,SEASHELLS,10002,3
71700,,,KELP,SEASHELLS,2014,8
71900,,,RAINFOREST_RESIN,SEASHELLS,10002,1
72000,,,KELP,SEASHELLS,2017,1
72200,SUBMISSION,,KELP,SEASHELLS,2018,29
72200,SUBMISSION,,KELP,SEASHELLS,2018,2
72300,SUBMISSION,,KELP,SEASHELLS,2018,22
72300,SUBMISSION,,KELP,SEASHELLS,2018,1
72400,SUBMISSION,,KELP,SEASHELLS,2016,6
72400,,,RAINFOREST_RESIN,SEASHELLS,10002,1
72500,SUBMISSION,,KELP,SEASHELLS,2017,25
72500,SUBMISSION,,KELP,SEASHELLS,2017,2
72500,,,RAINFOREST_RESIN,SEASHELLS,10004,1
72600,,SUBMISSION,KELP,SEASHELLS,2014,6
72600,,SUBMISSION,KELP,SEASHELLS,2014,27
72600,,SUBMISSION,KELP,SEASHELLS,2014,2
72700,,SUBMISSION,KELP,SEASHELLS,2014,23
72800,,SUBMISSION,KELP,SEASHELLS,2014,20
72900,,SUBMISSION,KELP,SEASHELLS,2014,9
72900,,,KELP,SEASHELLS,2017,1
72900,,,RAINFOREST_RESIN,SEASHELLS,10004,1
73000,,,KELP,SEASHELLS,2014,1
73000,,,RAINFOREST_RESIN,SEASHELLS,10002,1
73100,,,RAINFOREST_RESIN,SEASHELLS,10002,1
73900,SUBMISSION,,KELP,SEASHELLS,2018,30
73900,,,KELP,SEASHELLS,2015,5
73900,,,KELP,SEASHELLS,2015,3
74000,SUBMISSION,,KELP,SEASHELLS,2017,3
74000,,,RAINFOREST_RESIN,SEASHELLS,10002,1
74100,SUBMISSION,,KELP,SEASHELLS,2018,30
74100,SUBMISSION,,KELP,SEASHELLS,2018,2
74200,SUBMISSION,,KELP,SEASHELLS,2018,20
74200,SUBMISSION,,KELP,SEASHELLS,2018,2
74300,SUBMISSION,,KELP,SEASHELLS,2018,13
74300,,,KELP,SEASHELLS,2014,1
74900,,,RAINFOREST_RESIN,SEASHELLS,10002,1
75000,,,KELP,SEASHELLS,2016,1
75000,,,RAINFOREST_RESIN,SEASHELLS,9995,9
75000,,,RAINFOREST_RESIN,SEASHELLS,9998,1
75100,,SUBMISSION,KELP,SEASHELLS,2014,30
75200,,SUBMISSION,KELP,SEASHELLS,2016,3
75300,,SUBMISSION,KELP,SEASHELLS,2014,28
75300,,SUBMISSION,KELP,SEASHELLS,2014,1
75400,,SUBMISSION,KELP,SEASHELLS,2014,30
75400,,SUBMISSION,KELP,SEASHELLS,2014,1
75500,,SUBMISSION,KELP,SEASHELLS,2014,4
75500,,SUBMISSION,KELP,SEASHELLS,2014,3
75500,,,KELP,SEASHELLS,2014,0
75500,,,KELP,SEASHELLS,2014,2
75500,,,RAINFOREST_RESIN,SEASHELLS,9996,2
75600,,,RAINFOREST_RESIN,SEASHELLS,10002,1
75900,,,KELP,SEASHELLS,2014,6
76100,,,RAINFOREST_RESIN,SEASHELLS,9998,1
76200,,,KELP,SEASHELLS,2014,14
76900,,,KELP,SEASHELLS,2014,2
76900,,,KELP,SEASHELLS,2014,3
77000,,,KELP,SEASHELLS,2016,2
77000,,,RAINFOREST_RESIN,SEASHELLS,10002,2
77100,,,KELP,SEASHELLS,2015,2
77200,,,KELP,SEASHELLS,2014,1
77200,,,KELP,SEASHELLS,2012,10
77600,,,KELP,SEASHELLS,2012,3
77600,,,KELP,SEASHELLS,2012,7
77900,,,RAINFOREST_RESIN,SEASHELLS,10002,3
78100,,,KELP,SEASHELLS,2013,1
78100,,,KELP,SEASHELLS,2014,3
78100,,,RAINFOREST_RESIN,SEASHELLS,10002,1
78500,,,RAINFOREST_RESIN,SEASHELLS,10004,1
78500,,,RAINFOREST_RESIN,SEASHELLS,10004,10
78700,,,KELP,SEASHELLS,2013,2
78800,,,RAINFOREST_RESIN,SEASHELLS,10002,1
78900,SUBMISSION,,KELP,SEASHELLS,2016,26
78900,,,KELP,SEASHELLS,2015,1
78900,,,RAINFOREST_RESIN,SEASHELLS,10002,1
79000,SUBMISSION,,KELP,SEASHELLS,2015,3
79000,,,KELP,SEASHELLS,2013,3
79100,SUBMISSION,,KELP,SEASHELLS,2016,23
79100,SUBMISSION,,KELP,SEASHELLS,2016,1
79100,,,KELP,SEASHELLS,2013,1
79200,SUBMISSION,,KELP,SEASHELLS,2014,5
79200,,,RAINFOREST_RESIN,SEASHELLS,9998,3
79300,SUBMISSION,,KELP,SEASHELLS,2017,29
79300,SUBMISSION,,KELP,SEASHELLS,2017,1
79400,SUBMISSION,,KELP,SEASHELLS,2016,2
79400,,,KELP,SEASHELLS,2013,1
79500,SUBMISSION,,KELP,SEASHELLS,2017,10
79600,,,KELP,SEASHELLS,2013,13
79900,,,KELP,SEASHELLS,2013,1
79900,,,RAINFOREST_RESIN,SEASHELLS,9998,3
80500,,SUBMISSION,KELP,SEASHELLS,2012,26
80500,,SUBMISSION,KELP,SEASHELLS,2012,2
80600,,SUBMISSION,KELP,SEASHELLS,2014,4
80700,,SUBMISSION,KELP,SEASHELLS,2012,30
80700,,SUBMISSION,KELP,SEASHELLS,2012,1
80800,SUBMISSION,,KELP,SEASHELLS,2016,29
80800,SUBMISSION,,KELP,SEASHELLS,2016,1
80900,SUBMISSION,,KELP,SEASHELLS,2016,21
80900,,,KELP,SEASHELLS,2013,1
81000,SUBMISSION,,KELP,SEASHELLS,2016,12
81100,,,KELP,SEASHELLS,2015,1
81400,,,RAINFOREST_RESIN,SEASHELLS,10004,1
81800,,,RAINFOREST_RESIN,SEASHELLS,10002,1
81900,,,RAINFOREST_RESIN,SEASHELLS,9998,1
82500,,,KELP,SEASHELLS,2015,1
82600,,,KELP,SEASHELLS,2016,1
82600,,,KELP,SEASHELLS,2016,3
82800,,,KELP,SEASHELLS,2018,1
82800,,,RAINFOREST_RESIN,SEASHELLS,10002,1
83100,,,KELP,SEASHELLS,2016,1
83100,,,KELP,SEASHELLS,2016,3
83100,,,RAINFOREST_RESIN,SEASHELLS,9998,1
84100,,,RAINFOREST_RESIN,SEASHELLS,9996,1
84100,,,RAINFOREST_RESIN,SEASHELLS,9996,8
84200,,,KELP,SEASHELLS,2016,1
84200,,,RAINFOREST_RESIN,SEASHELLS,9996,2
84200,,,RAINFOREST_RESIN,SEASHELLS,9996,1
84300,,,RAINFOREST_RESIN,SEASHELLS,10004,2
84500,,,KELP,SEASHELLS,2015,1
84700,,SUBMISSION,KELP,SEASHELLS,2015,29
84700,,SUBMISSION,KELP,SEASHELLS,2015,1
84800,,SUBMISSION,KELP,SEASHELLS,2015,3
84800,,SUBMISSION,KELP,SEASHELLS,2015,28
84800,,SUBMISSION,KELP,SEASHELLS,2015,2
84900,,SUBMISSION,KELP,SEASHELLS,2015,29
85000,,SUBMISSION,KELP,SEASHELLS,2015,8
85100,,,KELP,SEASHELLS,2018,14
85100,,,KELP,SEASHELLS,2015,13
85800,,,KELP,SEASHELLS,2015,1
85900,,,RAINFOREST_RESIN,SEASHELLS,9998,1
86100,,,RAINFOREST_RESIN,SEASHELLS,10002,1
86200,,,KELP,SEASHELLS,2015,3
86700,,,KELP,SEASHELLS,2015,1
86700,,,RAINFOREST_RESIN,SEASHELLS,9998,1
86900,SUBMISSION,,KELP,SEASHELLS,2018,20
86900,SUBMISSION,,KELP,SEASHELLS,2018,1
87000,SUBMISSION,,KELP,SEASHELLS,2019,22
87100,SUBMISSION,,KELP,SEASHELLS,2018,20
87100,SUBMISSION,,KELP,SEASHELLS,2018,1
87200,SUBMISSION,,KELP,SEASHELLS,2018,27
87200,SUBMISSION,,KELP,SEASHELLS,2018,1
87200,,,RAINFOREST_RESIN,SEASHELLS,9996,1
87300,SUBMISSION,,KELP,SEASHELLS,2018,8
87400,,,KELP,SEASHELLS,2015,1
87600,,SUBMISSION,KELP,SEASHELLS,2014,23
87700,,SUBMISSION,KELP,SEASHELLS,2013,20
87700,,,KELP,SEASHELLS,2013,1
87800,,SUBMISSION,KELP,SEASHELLS,2013,27
87900,,SUBMISSION,KELP,SEASHELLS,2013,24
87900,,,KELP,SEASHELLS,2017,1
87900,,,RAINFOREST_RESIN,SEASHELLS,10005,1
88000,,SUBMISSION,KELP,SEASHELLS,2013,6
88000,,,KELP,SEASHELLS,2013,2
88000,,,RAINFOREST_RESIN,SEASHELLS,9996,2
88100,,,KELP,SEASHELLS,2017,8
88300,,,KELP,SEASHELLS,2014,1
88500,,,KELP,SEASHELLS,2016,1
88900,,,KELP,SEASHELLS,2014,1
89100,,,KELP,SEASHELLS,2014,1
89100,,,RAINFOREST_RESIN,SEASHELLS,9998,1
89200,,,RAINFOREST_RESIN,SEASHELLS,10002,1
89600,,,KELP,SEASHELLS,2016,6
89600,,,KELP,SEASHELLS,2016,2
89600,,,RAINFOREST_RESIN,SEASHELLS,9996,1
89700,SUBMISSION,,KELP,SEASHELLS,2017,2
89800,SUBMISSION,,KELP,SEASHELLS,2017,24
89800,,,KELP,SEASHELLS,2014,1
89900,SUBMISSION,,KELP,SEASHELLS,2017,23
89900,,,KELP,SEASHELLS,2014,2
89900,,,RAINFOREST_RESIN,SEASHELLS,9995,2
90000,SUBMISSION,,KELP,SEASHELLS,2017,28
90000,SUBMISSION,,KELP,SEASHELLS,2017,1
90000,,,RAINFOREST_RESIN,SEASHELLS,9998,1
90000,,,RAINFOREST_RESIN,SEASHELLS,9998,1
90100,SUBMISSION,,KELP,SEASHELLS,2017,22
90100,,,RAINFOREST_RESIN,SEASHELLS,10002,3
90300,,,RAINFOREST_RESIN,SEASHELLS,9998,1
90900,,,KELP,SEASHELLS,2017,1
91000,,,KELP,SEASHELLS,2017,1
91100,,,KELP,SEASHELLS,2015,1
91100,,,RAINFOREST_RESIN,SEASHELLS,9996,1
91200,,,KELP,SEASHELLS,2015,1
91200,,,RAINFOREST_RESIN,SEASHELLS,9995,1
91500,,,KELP,SEASHELLS,2015,15
91700,,,RAINFOREST_RESIN,SEASHELLS,9998,1
92000,,SUBMISSION,KELP,SEASHELLS,2015,28
92100,,SUBMISSION,KELP,SEASHELLS,2015,28
92100,,,RAINFOREST_RESIN,SEASHELLS,9998,1
92200,,SUBMISSION,KELP,SEASHELLS,2015,22
92200,,SUBMISSION,KELP,SEASHELLS,2015,1
92200,,,RAINFOREST_RESIN,SEASHELLS,9996,1
92200,,,RAINFOREST_RESIN,SEASHELLS,9996,1
92300,,SUBMISSION,KELP,SEASHELLS,2015,21
92300,,,KELP,SEASHELLS,2018,12
92700,,,KELP,SEASHELLS,2015,1
92700,,,KELP,SEASHELLS,2016,1
92700,,,RAINFOREST_RESIN,SEASHELLS,10002,2
92700,,,RAINFOREST_RESIN,SEASHELLS,10002,1
92900,,,KELP,SEASHELLS,2016,1
92900,,,RAINFOREST_RESIN,SEASHELLS,9998,1
93100,SUBMISSION,,KELP,SEASHELLS,2019,1
93200,SUBMISSION,,KELP,SEASHELLS,2019,2
93200,,,KELP,SEASHELLS,2019,1
93300,SUBMISSION,,KELP,SEASHELLS,2020,29
93300,,,KELP,SEASHELLS,2019,1
93400,SUBMISSION,,KELP,SEASHELLS,2021,27
93400,SUBMISSION,,KELP,SEASHELLS,2021,2
93400,,,RAINFOREST_RESIN,SEASHELLS,9998,3
93500,SUBMISSION,,KELP,SEASHELLS,2020,6
93600,SUBMISSION,,KELP,SEASHELLS,2023,27
93600,SUBMISSION,,KELP,SEASHELLS,2023,2
93600,,,RAINFOREST_RESIN,SEASHELLS,10004,1
93700,SUBMISSION,,KELP,SEASHELLS,2022,2
93800,SUBMISSION,,KELP,SEASHELLS,2023,2
93800,,,RAINFOREST_RESIN,SEASHELLS,9998,1
94200,,,RAINFOREST_RESIN,SEASHELLS,10002,1
94300,,,RAINFOREST_RESIN,SEASHELLS,10002,1
94400,,,KELP,SEASHELLS,2023,1
94400,,,RAINFOREST_RESIN,SEASHELLS,10005,1
94600,,,RAINFOREST_RESIN,SEASHELLS,9998,1
94900,,,KELP,SEASHELLS,2023,6
95000,,,KELP,SEASHELLS,2023,1
95000,,,RAINFOREST_RESIN,SEASHELLS,10004,1
95000,,,RAINFOREST_RESIN,SEASHELLS,10005,1
95100,,SUBMISSION,KELP,SEASHELLS,2019,25
95200,,SUBMISSION,KELP,SEASHELLS,2019,28
95200,,SUBMISSION,KELP,SEASHELLS,2019,2
95300,,SUBMISSION,KELP,SEASHELLS,2019,24
95400,,SUBMISSION,KELP,SEASHELLS,2019,21
95600,,,KELP,SEASHELLS,2018,1
95700,,,RAINFOREST_RESIN,SEASHELLS,10002,1
95800,,,RAINFOREST_RESIN,SEASHELLS,10005,7
96000,,,KELP,SEASHELLS,2016,2
96000,,,RAINFOREST_RESIN,SEASHELLS,9996,1
96200,,,KELP,SEASHELLS,2017,1
96200,,,RAINFOREST_RESIN,SEASHELLS,9998,5
96300,,,KELP,SEASHELLS,2016,1
96800,SUBMISSION,,KELP,SEASHELLS,2022,26
96800,SUBMISSION,,KELP,SEASHELLS,2022,1
96800,,,RAINFOREST_RESIN,SEASHELLS,10002,3
96900,SUBMISSION,,KELP,SEASHELLS,2022,25
96900,SUBMISSION,,KELP,SEASHELLS,2022,1
96900,,,KELP,SEASHELLS,2018,14
97000,SUBMISSION,,KELP,SEASHELLS,2021,26
97000,SUBMISSION,,KELP,SEASHELLS,2021,2
97100,SUBMISSION,,KELP,SEASHELLS,2020,5
97100,,,KELP,SEASHELLS,2018,1
97100,,,RAINFOREST_RESIN,SEASHELLS,9995,1
97200,SUBMISSION,,KELP,SEASHELLS,2019,3
97200,,,KELP,SEASHELLS,2018,10
97300,SUBMISSION,,KELP,SEASHELLS,2021,11
97300,,,KELP,SEASHELLS,2018,1
97600,,,RAINFOREST_RESIN,SEASHELLS,10002,7
97700,,,KELP,SEASHELLS,2021,1
97900,,,KELP,SEASHELLS,2018,1
98400,,,KELP,SEASHELLS,2020,7
98800,,,KELP,SEASHELLS,2020,1
98800,,,RAINFOREST_RESIN,SEASHELLS,10002,1
98900,,,KELP,SEASHELLS,2021,15
99000,,,KELP,SEASHELLS,2018,1
99400,,,KELP,SEASHELLS,2022,2
99400,,,RAINFOREST_RESIN,SEASHELLS,10005,2
99800,,,KELP,SEASHELLS,2022,4
99900,,,KELP,SEASHELLS,2018,1
100000,,SUBMISSION,KELP,SEASHELLS,2018,23
100000,,SUBMISSION,KELP,SEASHELLS,2018,1
100000,,,KELP,SEASHELLS,2020,1
100000,,,RAINFOREST_RESIN,SEASHELLS,10004,1
100100,,SUBMISSION,KELP,SEASHELLS,2018,29
100200,,SUBMISSION,KELP,SEASHELLS,2018,22
100200,,SUBMISSION,KELP,SEASHELLS,2018,1
100200,,,RAINFOREST_RESIN,SEASHELLS,9998,1
100300,,SUBMISSION,KELP,SEASHELLS,2018,24
100500,,,RAINFOREST_RESIN,SEASHELLS,9995,8
100700,,,RAINFOREST_RESIN,SEASHELLS,10002,1
100900,,,KELP,SEASHELLS,2018,8
101100,SUBMISSION,,KELP,SEASHELLS,2022,21
101100,SUBMISSION,,KELP,SEASHELLS,2022,1
101200,SUBMISSION,,KELP,SEASHELLS,2022,26
101200,,,KELP,SEASHELLS,2019,1
101200,,,RAINFOREST_RESIN,SEASHELLS,10005,2
101300,SUBMISSION,,KELP,SEASHELLS,2022,26
101300,SUBMISSION,,KELP,SEASHELLS,2022,1
101400,SUBMISSION,,KELP,SEASHELLS,2021,5
101500,SUBMISSION,,KELP,SEASHELLS,2022,20
101500,,,KELP,SEASHELLS,2019,1
101500,,,KELP,SEASHELLS,2022,2
101500,,,RAINFOREST_RESIN,SEASHELLS,9998,3
101500,,,RAINFOREST_RESIN,SEASHELLS,10004,2
101600,,,KELP,SEASHELLS,2019,5
101600,,,KELP,SEASHELLS,2019,1
101900,,SUBMISSION,KELP,SEASHELLS,2018,21
101900,,SUBMISSION,KELP,SEASHELLS,2018,2
102000,,SUBMISSION,KELP,SEASHELLS,2018,29
102000,,SUBMISSION,KELP,SEASHELLS,2018,1
102100,,SUBMISSION,KELP,SEASHELLS,2019,22
102100,,SUBMISSION,KELP,SEASHELLS,2019,2
102200,,SUBMISSION,KELP,SEASHELLS,2019,23
102200,,,KELP,SEASHELLS,2021,1
102200,,,KELP,SEASHELLS,2021,2
102200,,,RAINFOREST_RESIN,SEASHELLS,10005,2
102300,,,RAINFOREST_RESIN,SEASHELLS,9998,4
102600,,,KELP,SEASHELLS,2019,2
102600,,,RAINFOREST_RESIN,SEASHELLS,9998,2
102600,,,RAINFOREST_RESIN,SEASHELLS,9998,1
102700,,,RAINFOREST_RESIN,SEASHELLS,10005,6
103400,,,RAINFOREST_RESIN,SEASHELLS,10002,1
104200,,,KELP,SEASHELLS,2019,1
104300,,,KELP,SEASHELLS,2019,1
104700,,,RAINFOREST_RESIN,SEASHELLS,10002,1
104900,,,KELP,SEASHELLS,2021,1
104900,,,RAINFOREST_RESIN,SEASHELLS,10004,1
105200,SUBMISSION,,KELP,SEASHELLS,2022,25
105200,SUBMISSION,,KELP,SEASHELLS,2022,1
105200,,,KELP,SEASHELLS,2018,1
105300,SUBMISSION,,KELP,SEASHELLS,2021,25
105300,SUBMISSION,,KELP,SEASHELLS,2021,2
105400,,SUBMISSION,KELP,SEASHELLS,2018,6
105400,,SUBMISSION,KELP,SEASHELLS,2018,24
105400,,,RAINFOREST_RESIN,SEASHELLS,10002,1
105500,,SUBMISSION,KELP,SEASHELLS,2018,23
105700,,,KELP,SEASHELLS,2020,1
106000,,,KELP,SEASHELLS,2018,4
106100,,,RAINFOREST_RESIN,SEASHELLS,9996,2
106100,,,RAINFOREST_RESIN,SEASHELLS,9996,5
106200,,,KELP,SEASHELLS,2021,13
106300,,,KELP,SEASHELLS,2018,1
106300,,,KELP,SEASHELLS,2018,4
106300,,,KELP,SEASHELLS,2018,4
106300,,,RAINFOREST_RESIN,SEASHELLS,9998,1
106500,,,RAINFOREST_RESIN,SEASHELLS,10005,10
106600,,,RAINFOREST_RESIN,SEASHELLS,9998,2
106800,SUBMISSION,,KELP,SEASHELLS,2022,30
106800,SUBMISSION,,KELP,SEASHELLS,2022,1
106900,SUBMISSION,,KELP,SEASHELLS,2022,29
107000,SUBMISSION,,KELP,SEASHELLS,2019,2
107100,SUBMISSION,,KELP,SEASHELLS,2022,22
107200,SUBMISSION,,KELP,SEASHELLS,2020,2
107300,SUBMISSION,,KELP,SEASHELLS,2021,14
107400,,,KELP,SEASHELLS,2019,1
107400,,,RAINFOREST_RESIN,SEASHELLS,9995,1
107600,,,KELP,SEASHELLS,2020,1
108100,,,RAINFOREST_RESIN,SEASHELLS,9998,1
108200,,SUBMISSION,KELP,SEASHELLS,2017,29
108200,,SUBMISSION,KELP,SEASHELLS,2017,2
108300,,SUBMISSION,KELP,SEASHELLS,2017,21
108400,,SUBMISSION,KELP,SEASHELLS,2019,1
108500,,SUBMISSION,KELP,SEASHELLS,2017,22
108500,,SUBMISSION,KELP,SEASHELLS,2017,2
108500,,,KELP,SEASHELLS,2017,1
108600,,SUBMISSION,KELP,SEASHELLS,2017,23
108600,,,RAINFOREST_RESIN,SEASHELLS,9998,3
108600,,,RAINFOREST_RESIN,SEASHELLS,9998,1
109000,,,KELP,SEASHELLS,2017,1
109100,,,KELP,SEASHELLS,2017,1
109300,,,KELP,SEASHELLS,2017,1
109300,,,KELP,SEASHELLS,2020,11
109700,,,KELP,SEASHELLS,2018,1
110000,,,RAINFOREST_RESIN,SEASHELLS,9996,1
110100,,,KELP,SEASHELLS,2018,1
110400,,,KELP,SEASHELLS,2018,7
110400,,,RAINFOREST_RESIN,SEASHELLS,10005,10
110500,SUBMISSION,,KELP,SEASHELLS,2022,21
110600,SUBMISSION,,KELP,SEASHELLS,2022,28
110700,SUBMISSION,,KELP,SEASHELLS,2021,2
110800,SUBMISSION,,KELP,SEASHELLS,2022,30
110900,SUBMISSION,,KELP,SEASHELLS,2022,19
111000,,,KELP,SEASHELLS,2021,1
111000,,,RAINFOREST_RESIN,SEASHELLS,9998,1
111100,,,KELP,SEASHELLS,2022,15
111100,,,RAINFOREST_RESIN,SEASHELLS,9998,4
111300,,,KELP,SEASHELLS,2019,1
111700,,,KELP,SEASHELLS,2019,1
112000,,SUBMISSION,KELP,SEASHELLS,2018,24
112000,,SUBMISSION,KELP,SEASHELLS,2018,2
112100,,SUBMISSION,KELP,SEASHELLS,2018,20
112100,,SUBMISSION,KELP,SEASHELLS,2018,2
112100,,,RAINFOREST_RESIN,SEASHELLS,9998,5
112200,,SUBMISSION,KELP,SEASHELLS,2020,1
112300,,SUBMISSION,KELP,SEASHELLS,2018,5
112300,,SUBMISSION,KELP,SEASHELLS,2018,26
112400,,SUBMISSION,KELP,SEASHELLS,2018,20
113000,,,RAINFOREST_RESIN,SEASHELLS,10002,6
113300,,,KELP,SEASHELLS,2018,5
113700,,,KELP,SEASHELLS,2018,1
113700,,,KELP,SEASHELLS,2018,6
113700,,,KELP,SEASHELLS,2018,6
113800,,,KELP,SEASHELLS,2021,13
113800,,,KELP,SEASHELLS,2017,2
113800,,,RAINFOREST_RESIN,SEASHELLS,10002,1
114100,SUBMISSION,,KELP,SEASHELLS,2021,30
114100,SUBMISSION,,KELP,SEASHELLS,2021,2
114100,,,KELP,SEASHELLS,2020,1
114200,SUBMISSION,,KELP,SEASHELLS,2021,23
114200,SUBMISSION,,KELP,SEASHELLS,2021,2
114300,SUBMISSION,,KELP,SEASHELLS,2021,27
114300,SUBMISSION,,KELP,SEASHELLS,2021,2
114400,SUBMISSION,,KELP,SEASHELLS,2021,14
114400,,,RAINFOREST_RESIN,SEASHELLS,10002,2
114800,,,KELP,SEASHELLS,2021,15
115300,,,RAINFOREST_RESIN,SEASHELLS,9998,1
115700,,,KELP,SEASHELLS,2020,1
116000,,,KELP,SEASHELLS,2018,1
116000,,,KELP,SEASHELLS,2021,10
116200,,SUBMISSION,KELP,SEASHELLS,2018,27
116200,,,RAINFOREST_RESIN,SEASHELLS,9995,1
116300,,SUBMISSION,KELP,SEASHELLS,2017,27
116300,,SUBMISSION,KELP,SEASHELLS,2017,2
116400,,SUBMISSION,KELP,SEASHELLS,2017,23
116400,,SUBMISSION,KELP,SEASHELLS,2017,1
116500,,SUBMISSION,KELP,SEASHELLS,2018,5
116600,,SUBMISSION,KELP,SEASHELLS,2017,15
116800,,,RAINFOREST_RESIN,SEASHELLS,10002,3
116900,,,RAINFOREST_RESIN,SEASHELLS,9996,1
116900,,,RAINFOREST_RESIN,SEASHELLS,9996,7
117500,,,KELP,SEASHELLS,2018,2
117700,,,KELP,SEASHELLS,2018,1
118100,,,RAINFOREST_RESIN,SEASHELLS,10002,1
118200,,,KELP,SEASHELLS,2017,1
118300,,,KELP,SEASHELLS,2018,1
118700,,,KELP,SEASHELLS,2017,10
119100,,,KELP,SEASHELLS,2019,2
119300,,,RAINFOREST_RESIN,SEASHELLS,9998,1
119600,,,KELP,SEASHELLS,2017,1
119800,,,KELP,SEASHELLS,2019,1
119800,,,KELP,SEASHELLS,2018,1
119800,,,RAINFOREST_RESIN,SEASHELLS,10000,1
119900,,,KELP,SEASHELLS,2017,1
120000,,,RAINFOREST_RESIN,SEASHELLS,10002,1
120300,,,KELP,SEASHELLS,2015,2
120300,,,RAINFOREST_RESIN,SEASHELLS,9996,2
120400,,,KELP,SEASHELLS,2015,2
120500,,,KELP,SEASHELLS,2015,3
120500,,,KELP,SEASHELLS,2015,5
120500,,,KELP,SEASHELLS,2015,1
120500,,,KELP,SEASHELLS,2015,4
120500,,,RAINFOREST_RESIN,SEASHELLS,10002,1
120600,,,KELP,SEASHELLS,2014,1
121100,,,KELP,SEASHELLS,2013,1
121500,,,KELP,SEASHELLS,2015,1
121500,,,RAINFOREST_RESIN,SEASHELLS,10002,1
121800,,,RAINFOREST_RESIN,SEASHELLS,10002,1
121900,SUBMISSION,,KELP,SEASHELLS,2016,27
121900,SUBMISSION,,KELP,SEASHELLS,2016,1
121900,,,KELP,SEASHELLS,2015,1
122000,,SUBMISSION,KELP,SEASHELLS,2012,27
122100,,SUBMISSION,KELP,SEASHELLS,2012,1
122300,,,KELP,SEASHELLS,2013,3
122300,,,KELP,SEASHELLS,2013,2
122600,,,KELP,SEASHELLS,2013,1
122800,,,KELP,SEASHELLS,2013,6
122900,,,KELP,SEASHELLS,2013,1
123000,,,KELP,SEASHELLS,2010,1
123000,,,RAINFOREST_RESIN,SEASHELLS,9998,1
123200,,,KELP,SEASHELLS,2012,4
123200,,,KELP,SEASHELLS,2014,1
123500,,,KELP,SEASHELLS,2013,15
123600,,,KELP,SEASHELLS,2010,7
123700,,,RAINFOREST_RESIN,SEASHELLS,10002,6
123800,,,KELP,SEASHELLS,2013,1
123800,,,RAINFOREST_RESIN,SEASHELLS,9998,1
124000,,,KELP,SEASHELLS,2014,2
124000,,,RAINFOREST_RESIN,SEASHELLS,10005,2
124500,,,KELP,SEASHELLS,2011,3
124600,,,KELP,SEASHELLS,2013,1
125200,,,RAINFOREST_RESIN,SEASHELLS,10002,4
125300,,,KELP,SEASHELLS,2012,1
125400,SUBMISSION,,KELP,SEASHELLS,2016,22
125400,,,RAINFOREST_RESIN,SEASHELLS,9998,1
125400,,,RAINFOREST_RESIN,SEASHELLS,9998,1
125500,SUBMISSION,,KELP,SEASHELLS,2016,22
125500,SUBMISSION,,KELP,SEASHELLS,2016,2
125600,SUBMISSION,,KELP,SEASHELLS,2016,28
125600,SUBMISSION,,KELP,SEASHELLS,2016,2
125700,SUBMISSION,,KELP,SEASHELLS,2016,24
125900,,,KELP,SEASHELLS,2014,6
126300,,,KELP,SEASHELLS,2013,2
126300,,,RAINFOREST_RESIN,SEASHELLS,9995,2
126400,,,KELP,SEASHELLS,2013,1
126400,,,KELP,SEASHELLS,2013,2
126400,,,RAINFOREST_RESIN,SEASHELLS,9995,2
126700,,,RAINFOREST_RESIN,SEASHELLS,10002,2
127000,,,KELP,SEASHELLS,2014,2
127000,,,RAINFOREST_RESIN,SEASHELLS,9995,2
127400,,,KELP,SEASHELLS,2016,2
127400,,,RAINFOREST_RESIN,SEASHELLS,10005,2
127500,,,KELP,SEASHELLS,2014,1
127900,,SUBMISSION,KELP,SEASHELLS,2013,27
127900,,SUBMISSION,KELP,SEASHELLS,2013,2
127900,,,RAINFOREST_RESIN,SEASHELLS,10004,2
127900,,,RAINFOREST_RESIN,SEASHELLS,10004,7
128000,SUBMISSION,,KELP,SEASHELLS,2017,20
128000,SUBMISSION,,KELP,SEASHELLS,2017,2
128100,SUBMISSION,,KELP,SEASHELLS,2017,7
128200,,,RAINFOREST_RESIN,SEASHELLS,10002,1
128400,,SUBMISSION,KELP,SEASHELLS,2013,22
128400,,SUBMISSION,KELP,SEASHELLS,2013,1
128400,,,KELP,SEASHELLS,2014,2
128400,,,RAINFOREST_RESIN,SEASHELLS,9996,1
128500,,SUBMISSION,KELP,SEASHELLS,2013,22
128500,,SUBMISSION,KELP,SEASHELLS,2013,1
128600,,SUBMISSION,KELP,SEASHELLS,2013,20
128600,,SUBMISSION,KELP,SEASHELLS,2013,2
128700,,SUBMISSION,KELP,SEASHELLS,2013,26
128700,,,RAINFOREST_RESIN,SEASHELLS,10005,6
128800,,SUBMISSION,KELP,SEASHELLS,2013,6
128900,,,KELP,SEASHELLS,2015,1
128900,,,RAINFOREST_RESIN,SEASHELLS,10002,2
129600,,,KELP,SEASHELLS,2014,1
129700,,,KELP,SEASHELLS,2015,3
130100,SUBMISSION,,KELP,SEASHELLS,2017,20
130100,SUBMISSION,,KELP,SEASHELLS,2017,2
130200,,SUBMISSION,KELP,SEASHELLS,2013,21
130200,,SUBMISSION,KELP,SEASHELLS,2013,1
130300,,,RAINFOREST_RESIN,SEASHELLS,10002,1
130700,,,KELP,SEASHELLS,2016,1
130900,,,KELP,SEASHELLS,2014,2
131000,,,KELP,SEASHELLS,2016,1
131700,,,KELP,SEASHELLS,2013,9
131800,,,KELP,SEASHELLS,2014,4
131800,,,KELP,SEASHELLS,2014,1
131800,,,KELP,SEASHELLS,2014,12
132100,,,RAINFOREST_RESIN,SEASHELLS,9998,1
132100,,,RAINFOREST_RESIN,SEASHELLS,9998,3
132300,,,RAINFOREST_RESIN,SEASHELLS,10002,4
132400,,,KELP,SEASHELLS,2016,1
132400,,,RAINFOREST_RESIN,SEASHELLS,10004,1
132500,,,KELP,SEASHELLS,2013,14
132500,,,KELP,SEASHELLS,2013,1
132500,,,RAINFOREST_RESIN,SEASHELLS,9998,1
133000,,,KELP,SEASHELLS,2013,13
133100,,,RAINFOREST_RESIN,SEASHELLS,10004,1
133100,,,RAINFOREST_RESIN,SEASHELLS,10004,4
133100,,,RAINFOREST_RESIN,SEASHELLS,10002,5
133200,,,RAINFOREST_RESIN,SEASHELLS,9996,1
133400,,,KELP,SEASHELLS,2013,1
133400,,,RAINFOREST_RESIN,SEASHELLS,9998,2
133500,,,KELP,SEASHELLS,2015,1
133700,,,KELP,SEASHELLS,2013,1
134000,,,KELP,SEASHELLS,2015,1
134000,,,KELP,SEASHELLS,2014,2
134100,,,RAINFOREST_RESIN,SEASHELLS,9998,2
134200,,,RAINFOREST_RESIN,SEASHELLS,10002,1
134300,,,RAINFOREST_RESIN,SEASHELLS,10002,1
134600,SUBMISSION,,KELP,SEASHELLS,2016,22
134600,SUBMISSION,,KELP,SEASHELLS,2016,1
134600,,,RAINFOREST_RESIN,SEASHELLS,10004,1
134600,,,RAINFOREST_RESIN,SEASHELLS,10004,1
134700,SUBMISSION,,KELP,SEASHELLS,2014,7
134700,,,RAINFOREST_RESIN,SEASHELLS,10004,1
134700,,,RAINFOREST_RESIN,SEASHELLS,10004,1
134700,,,RAINFOREST_RESIN,SEASHELLS,10002,4
134800,SUBMISSION,,KELP,SEASHELLS,2016,30
134800,SUBMISSION,,KELP,SEASHELLS,2016,2
134900,SUBMISSION,,KELP,SEASHELLS,2015,5
134900,,,RAINFOREST_RESIN,SEASHELLS,9998,1
134900,,,RAINFOREST_RESIN,SEASHELLS,9998,1
135000,SUBMISSION,,KELP,SEASHELLS,2016,22
135000,SUBMISSION,,KELP,SEASHELLS,2016,1
135100,SUBMISSION,,KELP,SEASHELLS,2016,10
135400,,,KELP,SEASHELLS,2013,9
135500,,,KELP,SEASHELLS,2015,1
135600,,,RAINFOREST_RESIN,SEASHELLS,10002,1
135900,,,KELP,SEASHELLS,2017,2
135900,,,RAINFOREST_RESIN,SEASHELLS,10005,2
136000,,,RAINFOREST_RESIN,SEASHELLS,9998,1
136300,,,RAINFOREST_RESIN,SEASHELLS,10002,1
136500,,SUBMISSION,KELP,SEASHELLS,2013,24
136500,,SUBMISSION,KELP,SEASHELLS,2013,2
136500,,,KELP,SEASHELLS,2014,1
136500,,,KELP,SEASHELLS,2014,1
136500,,,RAINFOREST_RESIN,SEASHELLS,10004,2
136600,,SUBMISSION,KELP,SEASHELLS,2013,25
136700,,SUBMISSION,KELP,SEASHELLS,2013,24
136800,,SUBMISSION,KELP,SEASHELLS,2013,6
136800,,SUBMISSION,KELP,SEASHELLS,2013,19
137000,,,RAINFOREST_RESIN,SEASHELLS,9996,1
137100,,,RAINFOREST_RESIN,SEASHELLS,10002,3
137200,SUBMISSION,,KELP,SEASHELLS,2017,23
137300,SUBMISSION,,KELP,SEASHELLS,2015,5
137400,SUBMISSION,,KELP,SEASHELLS,2016,27
137400,SUBMISSION,,KELP,SEASHELLS,2016,2
137400,,,RAINFOREST_RESIN,SEASHELLS,10002,3
137500,SUBMISSION,,KELP,SEASHELLS,2015,7
137600,SUBMISSION,,KELP,SEASHELLS,2016,21
137600,SUBMISSION,,KELP,SEASHELLS,2016,1
137600,,,KELP,SEASHELLS,2015,1
137700,,SUBMISSION,KELP,SEASHELLS,2013,27
137700,,SUBMISSION,KELP,SEASHELLS,2013,1
137700,,,KELP,SEASHELLS,2014,3
137700,,,RAINFOREST_RESIN,SEASHELLS,9998,2
137800,,SUBMISSION,KELP,SEASHELLS,2013,22
137800,,SUBMISSION,KELP,SEASHELLS,2013,1
137900,,SUBMISSION,KELP,SEASHELLS,2013,28
137900,,SUBMISSION,KELP,SEASHELLS,2013,1
137900,,,KELP,SEASHELLS,2016,1
137900,,,RAINFOREST_RESIN,SEASHELLS,10004,1
138000,,SUBMISSION,KELP,SEASHELLS,2013,6
138100,,,RAINFOREST_RESIN,SEASHELLS,9996,2
138100,,,RAINFOREST_RESIN,SEASHELLS,9996,7
138300,,,RAINFOREST_RESIN,SEASHELLS,9995,7
138500,,,KELP,SEASHELLS,2013,1
138500,,,KELP,SEASHELLS,2016,13
138600,,,KELP,SEASHELLS,2013,1
138600,,,KELP,SEASHELLS,2014,2
138900,,,KELP,SEASHELLS,2013,10
139000,,,KELP,SEASHELLS,2013,1
139100,SUBMISSION,,KELP,SEASHELLS,2017,22
139100,SUBMISSION,,KELP,SEASHELLS,2017,2
139200,SUBMISSION,,KELP,SEASHELLS,2017,24
139200,SUBMISSION,,KELP,SEASHELLS,2017,2
139300,SUBMISSION,,KELP,SEASHELLS,2017,20
139300,SUBMISSION,,KELP,SEASHELLS,2017,2
139400,SUBMISSION,,KELP,SEASHELLS,2017,24
139400,SUBMISSION,,KELP,SEASHELLS,2017,1
139400,,,KELP,SEASHELLS,2014,1
139400,,,RAINFOREST_RESIN,SEASHELLS,10004,1
139400,,,RAINFOREST_RESIN,SEASHELLS,10004,1
139400,,,RAINFOREST_RESIN,SEASHELLS,10002,5
139500,SUBMISSION,,KELP,SEASHELLS,2017,3
139600,,,RAINFOREST_RESIN,SEASHELLS,9998,1
139700,,SUBMISSION,KELP,SEASHELLS,2013,25
139700,,SUBMISSION,KELP,SEASHELLS,2013,2
139700,,,KELP,SEASHELLS,2014,4
139700,,,KELP,SEASHELLS,2014,1
139800,SUBMISSION,,KELP,SEASHELLS,2017,26
139800,SUBMISSION,,KELP,SEASHELLS,2017,1
140100,,,KELP,SEASHELLS,2013,1
140400,,SUBMISSION,KELP,SEASHELLS,2012,27
140500,,SUBMISSION,KELP,SEASHELLS,2012,26
140500,,SUBMISSION,KELP,SEASHELLS,2012,1
140600,,SUBMISSION,KELP,SEASHELLS,2012,26
140600,,SUBMISSION,KELP,SEASHELLS,2012,2
140600,,,KELP,SEASHELLS,2012,1
140700,,SUBMISSION,KELP,SEASHELLS,2012,18
141600,,,RAINFOREST_RESIN,SEASHELLS,10002,1
141800,SUBMISSION,,KELP,SEASHELLS,2017,24
141800,SUBMISSION,,KELP,SEASHELLS,2017,2
141900,SUBMISSION,,KELP,SEASHELLS,2017,20
141900,SUBMISSION,,KELP,SEASHELLS,2017,2
142000,SUBMISSION,,KELP,SEASHELLS,2017,26
142100,SUBMISSION,,KELP,SEASHELLS,2016,26
142600,,,KELP,SEASHELLS,2013,1
142700,,SUBMISSION,KELP,SEASHELLS,2013,28
142700,,SUBMISSION,KELP,SEASHELLS,2013,1
142800,,SUBMISSION,KELP,SEASHELLS,2015,1
142800,,,RAINFOREST_RESIN,SEASHELLS,9998,2
142900,,SUBMISSION,KELP,SEASHELLS,2013,27
143000,,SUBMISSION,KELP,SEASHELLS,2013,23
143000,,SUBMISSION,KELP,SEASHELLS,2013,2
143100,,SUBMISSION,KELP,SEASHELLS,2014,7
143100,,SUBMISSION,KELP,SEASHELLS,2014,11
143100,,,KELP,SEASHELLS,2014,1
143100,,,RAINFOREST_RESIN,SEASHELLS,10002,1
143600,,,KELP,SEASHELLS,2013,1
143600,,,RAINFOREST_RESIN,SEASHELLS,9995,1
144000,SUBMISSION,,KELP,SEASHELLS,2017,22
144000,,,KELP,SEASHELLS,2016,1
144100,SUBMISSION,,KELP,SEASHELLS,2015,3
144200,SUBMISSION,,KELP,SEASHELLS,2015,4
144200,,,KELP,SEASHELLS,2015,1
144300,SUBMISSION,,KELP,SEASHELLS,2015,2
144400,SUBMISSION,,KELP,SEASHELLS,2016,2
144500,SUBMISSION,,KELP,SEASHELLS,2017,24
144500,SUBMISSION,,KELP,SEASHELLS,2017,2
144600,SUBMISSION,,KELP,SEASHELLS,2016,23
144600,SUBMISSION,,KELP,SEASHELLS,2016,1
144600,,,RAINFOREST_RESIN,SEASHELLS,10002,2
144700,SUBMISSION,,KELP,SEASHELLS,2016,17
145000,,,KELP,SEASHELLS,2012,1
145000,,,RAINFOREST_RESIN,SEASHELLS,9998,1
145100,,SUBMISSION,KELP,SEASHELLS,2012,26
145200,SUBMISSION,,KELP,SEASHELLS,2016,24
145200,SUBMISSION,,KELP,SEASHELLS,2016,1
145300,SUBMISSION,,KELP,SEASHELLS,2016,1
145300,,,RAINFOREST_RESIN,SEASHELLS,9998,3
145400,,,KELP,SEASHELLS,2012,1
145400,,,RAINFOREST_RESIN,SEASHELLS,9998,1
145500,,,KELP,SEASHELLS,2015,1
145500,,,RAINFOREST_RESIN,SEASHELLS,10002,1
145700,,,RAINFOREST_RESIN,SEASHELLS,10004,2
145700,,,RAINFOREST_RESIN,SEASHELLS,10004,8
146000,,,KELP,SEASHELLS,2012,6
146300,,,KELP,SEASHELLS,2012,15
146300,,,RAINFOREST_RESIN,SEASHELLS,9998,1
146400,,,KELP,SEASHELLS,2012,9
146500,,,KELP,SEASHELLS,2014,1
146500,,,RAINFOREST_RESIN,SEASHELLS,10005,1
146600,,,RAINFOREST_RESIN,SEASHELLS,10000,4
146900,,,KELP,SEASHELLS,2013,1
147200,,,KELP,SEASHELLS,2016,14
147600,,,KELP,SEASHELLS,2012,1
147700,,,RAINFOREST_RESIN,SEASHELLS,10002,1
147800,,,KELP,SEASHELLS,2014,1
148000,,,KELP,SEASHELLS,2015,9
148200,,SUBMISSION,KELP,SEASHELLS,2012,26
148200,,,KELP,SEASHELLS,2013,1
148300,,SUBMISSION,KELP,SEASHELLS,2013,2
148400,,SUBMISSION,KELP,SEASHELLS,2013,20
148400,,SUBMISSION,KELP,SEASHELLS,2013,1
148500,,SUBMISSION,KELP,SEASHELLS,2013,20
148500,,SUBMISSION,KELP,SEASHELLS,2013,2
148600,,SUBMISSION,KELP,SEASHELLS,2013,20
148600,,SUBMISSION,KELP,SEASHELLS,2013,1
148700,,SUBMISSION,KELP,SEASHELLS,2013,8
148700,,,KELP,SEASHELLS,2013,1
148700,,,KELP,SEASHELLS,2016,2
148700,,,RAINFOREST_RESIN,SEASHELLS,10005,2
149000,SUBMISSION,,KELP,SEASHELLS,2016,30
149000,SUBMISSION,,KELP,SEASHELLS,2016,1
149100,SUBMISSION,,KELP,SEASHELLS,2016,24
149100,SUBMISSION,,KELP,SEASHELLS,2016,1
149200,SUBMISSION,,KELP,SEASHELLS,2016,22
149200,SUBMISSION,,KELP,SEASHELLS,2016,2
149300,SUBMISSION,,KELP,SEASHELLS,2016,20
149500,,,KELP,SEASHELLS,2015,1
149700,,,KELP,SEASHELLS,2016,5
149800,,,KELP,SEASHELLS,2015,1
149800,,,RAINFOREST_RESIN,SEASHELLS,10002,2
149800,,,RAINFOREST_RESIN,SEASHELLS,10002,3
149900,,,KELP,SEASHELLS,2013,5
150000,,,RAINFOREST_RESIN,SEASHELLS,9996,1
150200,,,RAINFOREST_RESIN,SEASHELLS,9998,1
150400,,,KELP,SEASHELLS,2013,1
150500,,,RAINFOREST_RESIN,SEASHELLS,10002,1
150600,,,KELP,SEASHELLS,2013,1
151500,,,KELP,SEASHELLS,2014,1
151600,,,RAINFOREST_RESIN,SEASHELLS,10002,3
152200,,,KELP,SEASHELLS,2014,5
152300,,,KELP,SEASHELLS,2017,9
152300,,,KELP,SEASHELLS,2017,2
152300,,,RAINFOREST_RESIN,SEASHELLS,10004,2
152600,,,KELP,SEASHELLS,2013,1
152800,,SUBMISSION,KELP,SEASHELLS,2013,29
152900,,SUBMISSION,KELP,SEASHELLS,2014,5
153000,SUBMISSION,,KELP,SEASHELLS,2017,30
153000,,,RAINFOREST_RESIN,SEASHELLS,9995,3
153100,SUBMISSION,,KELP,SEASHELLS,2017,4
153300,,,KELP,SEASHELLS,2017,14
153500,,,KELP,SEASHELLS,2017,1
153500,,,RAINFOREST_RESIN,SEASHELLS,9998,1
153600,,,KELP,SEASHELLS,2017,14
154300,,,KELP,SEASHELLS,2015,6
154300,,,KELP,SEASHELLS,2015,2
154300,,,RAINFOREST_RESIN,SEASHELLS,9996,1
154700,,,KELP,SEASHELLS,2019,11
154800,,,RAINFOREST_RESIN,SEASHELLS,10002,1
154900,,,KELP,SEASHELLS,2015,15
155100,,,KELP,SEASHELLS,2015,1
155200,,,RAINFOREST_RESIN,SEASHELLS,10002,1
155300,,SUBMISSION,KELP,SEASHELLS,2014,27
155400,,SUBMISSION,KELP,SEASHELLS,2014,8
155400,,SUBMISSION,KELP,SEASHELLS,2014,23
155500,,SUBMISSION,KELP,SEASHELLS,2014,28
155500,,SUBMISSION,KELP,SEASHELLS,2014,1
155500,,,RAINFOREST_RESIN,SEASHELLS,9998,1
155600,,SUBMISSION,KELP,SEASHELLS,2015,2
155700,,SUBMISSION,KELP,SEASHELLS,2014,11
155700,,,KELP,SEASHELLS,2016,1
155700,,,RAINFOREST_RESIN,SEASHELLS,10005,1
156200,,,KELP,SEASHELLS,2014,7
156500,,,RAINFOREST_RESIN,SEASHELLS,10002,3
156600,SUBMISSION,,KELP,SEASHELLS,2018,23
156600,SUBMISSION,,KELP,SEASHELLS,2018,1
156600,,,KELP,SEASHELLS,2015,1
156600,,,KELP,SEASHELLS,2015,2
156600,,,RAINFOREST_RESIN,SEASHELLS,9996,1
156600,,,RAINFOREST_RESIN,SEASHELLS,9996,1
156700,SUBMISSION,,KELP,SEASHELLS,2018,27
156800,SUBMISSION,,KELP,SEASHELLS,2018,22
156800,SUBMISSION,,KELP,SEASHELLS,2018,2
156900,SUBMISSION,,KELP,SEASHELLS,2015,4
156900,SUBMISSION,,KELP,SEASHELLS,2015,1
156900,,,KELP,SEASHELLS,2015,1
157000,SUBMISSION,,KELP,SEASHELLS,2016,8
157000,,,KELP,SEASHELLS,2015,1
157100,SUBMISSION,,KELP,SEASHELLS,2018,12
157300,,,KELP,SEASHELLS,2015,4
157400,,,KELP,SEASHELLS,2014,9
157400,,,RAINFOREST_RESIN,SEASHELLS,10002,10
157500,,,KELP,SEASHELLS,2014,1
157700,,,KELP,SEASHELLS,2016,1
158100,,,KELP,SEASHELLS,2014,1
158200,,,RAINFOREST_RESIN,SEASHELLS,10002,1
158300,,,RAINFOREST_RESIN,SEASHELLS,9998,7
158600,,SUBMISSION,KELP,SEASHELLS,2014,27
158700,,SUBMISSION,KELP,SEASHELLS,2014,29
158800,,SUBMISSION,KELP,SEASHELLS,2016,4
158800,,,KELP,SEASHELLS,2016,1
158900,,SUBMISSION,KELP,SEASHELLS,2014,30
158900,,SUBMISSION,KELP,SEASHELLS,2014,2
159000,,SUBMISSION,KELP,SEASHELLS,2015,1
159100,,SUBMISSION,KELP,SEASHELLS,2014,5
159100,,SUBMISSION,KELP,SEASHELLS,2014,2
159200,,,RAINFOREST_RESIN,SEASHELLS,9995,9
159300,,,KELP,SEASHELLS,2014,1
159400,SUBMISSION,,KELP,SEASHELLS,2018,23
159400,SUBMISSION,,KELP,SEASHELLS,2018,1
159500,SUBMISSION,,KELP,SEASHELLS,2018,25
159500,SUBMISSION,,KELP,SEASHELLS,2018,1
159600,SUBMISSION,,KELP,SEASHELLS,2018,23
159600,SUBMISSION,,KELP,SEASHELLS,2018,1
159700,SUBMISSION,,KELP,SEASHELLS,2017,1
159800,SUBMISSION,,KELP,SEASHELLS,2018,20
159900,,SUBMISSION,KELP,SEASHELLS,2014,24
159900,,SUBMISSION,KELP,SEASHELLS,2014,1
160000,,SUBMISSION,KELP,SEASHELLS,2014,24
160000,,SUBMISSION,KELP,SEASHELLS,2014,2
160000,,,KELP,SEASHELLS,2018,2
160000,,,RAINFOREST_RESIN,SEASHELLS,10004,2
160100,,SUBMISSION,KELP,SEASHELLS,2015,7
160100,,SUBMISSION,KELP,SEASHELLS,2015,24
160100,,SUBMISSION,KELP,SEASHELLS,2015,2
160200,,SUBMISSION,KELP,SEASHELLS,2014,11
160300,,,RAINFOREST_RESIN,SEASHELLS,9998,1
160400,SUBMISSION,,KELP,SEASHELLS,2018,23
160400,,,KELP,SEASHELLS,2017,1
160400,,,RAINFOREST_RESIN,SEASHELLS,9998,1
160500,SUBMISSION,,KELP,SEASHELLS,2018,22
160500,SUBMISSION,,KELP,SEASHELLS,2018,2
160600,SUBMISSION,,KELP,SEASHELLS,2017,20
160600,SUBMISSION,,KELP,SEASHELLS,2017,2
160600,,,RAINFOREST_RESIN,SEASHELLS,10002,1
160700,SUBMISSION,,KELP,SEASHELLS,2017,24
160800,SUBMISSION,,KELP,SEASHELLS,2018,7
161000,,SUBMISSION,KELP,SEASHELLS,2014,27
161000,,,KELP,SEASHELLS,2015,8
161100,,SUBMISSION,KELP,SEASHELLS,2014,28
161200,,SUBMISSION,KELP,SEASHELLS,2014,30
161200,,SUBMISSION,KELP,SEASHELLS,2014,1
161300,,SUBMISSION,KELP,SEASHELLS,2014,14
161600,,,RAINFOREST_RESIN,SEASHELLS,9998,1
161700,SUBMISSION,,KELP,SEASHELLS,2018,25
161700,SUBMISSION,,KELP,SEASHELLS,2018,1
161800,SUBMISSION,,KELP,SEASHELLS,2018,21
161900,SUBMISSION,,KELP,SEASHELLS,2018,22
161900,SUBMISSION,,KELP,SEASHELLS,2018,1
162000,SUBMISSION,,KELP,SEASHELLS,2018,23
162100,SUBMISSION,,KELP,SEASHELLS,2018,7
162400,,SUBMISSION,KELP,SEASHELLS,2015,22
162400,,SUBMISSION,KELP,SEASHELLS,2015,2
162500,,SUBMISSION,KELP,SEASHELLS,2015,22
162500,,SUBMISSION,KELP,SEASHELLS,2015,2
162600,,SUBMISSION,KELP,SEASHELLS,2015,21
162600,,,KELP,SEASHELLS,2018,1
162700,,SUBMISSION,KELP,SEASHELLS,2016,23
162700,,SUBMISSION,KELP,SEASHELLS,2016,1
162800,,SUBMISSION,KELP,SEASHELLS,2016,7
162900,,,RAINFOREST_RESIN,SEASHELLS,9995,4
163500,,,KELP,SEASHELLS,2016,2
163500,,,KELP,SEASHELLS,2016,2
163500,,,RAINFOREST_RESIN,SEASHELLS,10002,3
163800,,,KELP,SEASHELLS,2015,1
163800,,,KELP,SEASHELLS,2018,13
163900,,,KELP,SEASHELLS,2015,2
163900,,,RAINFOREST_RESIN,SEASHELLS,9996,1
164200,SUBMISSION,,KELP,SEASHELLS,2019,24
164200,SUBMISSION,,KELP,SEASHELLS,2019,1
164300,SUBMISSION,,KELP,SEASHELLS,2018,23
164300,SUBMISSION,,KELP,SEASHELLS,2018,1
164400,SUBMISSION,,KELP,SEASHELLS,2020,24
164400,SUBMISSION,,KELP,SEASHELLS,2020,2
164500,SUBMISSION,,KELP,SEASHELLS,2020,25
164600,,,KELP,SEASHELLS,2018,1
164800,,,RAINFOREST_RESIN,SEASHELLS,10004,2
164800,,,RAINFOREST_RESIN,SEASHELLS,10004,6
165100,,,KELP,SEASHELLS,2018,1
165200,,,KELP,SEASHELLS,2017,6
166000,,,KELP,SEASHELLS,2019,1
166200,,SUBMISSION,KELP,SEASHELLS,2016,23
166200,,SUBMISSION,KELP,SEASHELLS,2016,1
166300,,SUBMISSION,KELP,SEASHELLS,2016,30
166400,,SUBMISSION,KELP,SEASHELLS,2016,29
166400,,,RAINFOREST_RESIN,SEASHELLS,9998,1
166500,,SUBMISSION,KELP,SEASHELLS,2016,17
167000,,,KELP,SEASHELLS,2017,5
167100,,,RAINFOREST_RESIN,SEASHELLS,9996,1
167300,,,KELP,SEASHELLS,2016,11
167800,SUBMISSION,,KELP,SEASHELLS,2020,22
167800,,,KELP,SEASHELLS,2019,1
167800,,,RAINFOREST_RESIN,SEASHELLS,9998,1
167900,SUBMISSION,,KELP,SEASHELLS,2019,2
167900,,,RAINFOREST_RESIN,SEASHELLS,9998,1
168000,SUBMISSION,,KELP,SEASHELLS,2019,29
168000,,,RAINFOREST_RESIN,SEASHELLS,10005,8
168100,SUBMISSION,,KELP,SEASHELLS,2020,24
168100,SUBMISSION,,KELP,SEASHELLS,2020,2
168200,SUBMISSION,,KELP,SEASHELLS,2020,21
169000,,,KELP,SEASHELLS,2019,3
169900,,,KELP,SEASHELLS,2017,1
170200,,,KELP,SEASHELLS,2017,1
170200,,,RAINFOREST_RESIN,SEASHELLS,10002,3
171000,,,KELP,SEASHELLS,2019,3
171100,,,RAINFOREST_RESIN,SEASHELLS,10002,1
171400,,,RAINFOREST_RESIN,SEASHELLS,10002,5
171600,,,KELP,SEASHELLS,2018,4
171900,,,KELP,SEASHELLS,2017,1
171900,,,RAINFOREST_RESIN,SEASHELLS,10002,1
172100,,,RAINFOREST_RESIN,SEASHELLS,10002,1
172500,,SUBMISSION,KELP,SEASHELLS,2017,20
172500,,SUBMISSION,KELP,SEASHELLS,2017,2
172600,,SUBMISSION,KELP,SEASHELLS,2017,4
172600,,SUBMISSION,KELP,SEASHELLS,2017,28
172600,,SUBMISSION,KELP,SEASHELLS,2017,1
172600,,,RAINFOREST_RESIN,SEASHELLS,9996,1
172700,,SUBMISSION,KELP,SEASHELLS,2017,27
172700,,SUBMISSION,KELP,SEASHELLS,2017,2
172700,,,RAINFOREST_RESIN,SEASHELLS,9998,3
172800,,SUBMISSION,KELP,SEASHELLS,2017,16
173300,,,KELP,SEASHELLS,2017,2
173400,,,KELP,SEASHELLS,2017,2
173400,,,RAINFOREST_RESIN,SEASHELLS,10002,1
173400,,,RAINFOREST_RESIN,SEASHELLS,9996,1
173500,SUBMISSION,,KELP,SEASHELLS,2020,1
173500,,,RAINFOREST_RESIN,SEASHELLS,9998,3
173600,SUBMISSION,,KELP,SEASHELLS,2021,28
173600,SUBMISSION,,KELP,SEASHELLS,2021,1
173700,SUBMISSION,,KELP,SEASHELLS,2021,26
173700,SUBMISSION,,KELP,SEASHELLS,2021,1
173800,SUBMISSION,,KELP,SEASHELLS,2020,1
173800,,,KELP,SEASHELLS,2021,8
173900,SUBMISSION,,KELP,SEASHELLS,2021,28
173900,,,RAINFOREST_RESIN,SEASHELLS,10005,9
174000,SUBMISSION,,KELP,SEASHELLS,2021,14
174000,,,KELP,SEASHELLS,2017,1
174000,,,RAINFOREST_RESIN,SEASHELLS,9998,1
174300,,,RAINFOREST_RESIN,SEASHELLS,10002,1
174400,,,KELP,SEASHELLS,2017,1
175100,,SUBMISSION,KELP,SEASHELLS,2017,25
175100,,SUBMISSION,KELP,SEASHELLS,2017,2
175200,,SUBMISSION,KELP,SEASHELLS,2017,7
175200,,SUBMISSION,KELP,SEASHELLS,2017,28
175200,,SUBMISSION,KELP,SEASHELLS,2017,1
175300,,SUBMISSION,KELP,SEASHELLS,2017,20
175300,,SUBMISSION,KELP,SEASHELLS,2017,2
175400,,SUBMISSION,KELP,SEASHELLS,2017,15
175800,,,KELP,SEASHELLS,2020,1
175800,,,RAINFOREST_RESIN,SEASHELLS,10004,1
176000,SUBMISSION,,KELP,SEASHELLS,2021,30
176000,,,KELP,SEASHELLS,2017,1
176000,,,KELP,SEASHELLS,2017,1
176000,,,RAINFOREST_RESIN,SEASHELLS,10002,1
176100,SUBMISSION,,KELP,SEASHELLS,2021,21
176100,SUBMISSION,,KELP,SEASHELLS,2021,1
176100,,,RAINFOREST_RESIN,SEASHELLS,10004,1
176100,,,RAINFOREST_RESIN,SEASHELLS,10004,1
176200,SUBMISSION,,KELP,SEASHELLS,2021,28
176200,SUBMISSION,,KELP,SEASHELLS,2021,1
176300,SUBMISSION,,KELP,SEASHELLS,2021,19
176600,,,KELP,SEASHELLS,2018,1
176900,,,KELP,SEASHELLS,2018,5
177400,,,KELP,SEASHELLS,2018,1
177600,,,RAINFOREST_RESIN,SEASHELLS,9998,1
177700,,,KELP,SEASHELLS,2018,1
177700,,,RAINFOREST_RESIN,SEASHELLS,9996,1
177900,,,KELP,SEASHELLS,2018,14
178000,,,RAINFOREST_RESIN,SEASHELLS,9998,1
178500,,SUBMISSION,KELP,SEASHELLS,2017,26
178600,,SUBMISSION,KELP,SEASHELLS,2018,5
178600,,SUBMISSION,KELP,SEASHELLS,2018,20
178700,,SUBMISSION,KELP,SEASHELLS,2018,1
178700,,,KELP,SEASHELLS,2018,1
178800,,SUBMISSION,KELP,SEASHELLS,2018,6
178800,,SUBMISSION,KELP,SEASHELLS,2018,30
178800,,SUBMISSION,KELP,SEASHELLS,2018,1
178800,,,KELP,SEASHELLS,2021,5
178900,,SUBMISSION,KELP,SEASHELLS,2018,2
178900,,SUBMISSION,KELP,SEASHELLS,2018,9
178900,,,KELP,SEASHELLS,2018,1
179000,,,KELP,SEASHELLS,2021,2
179000,,,RAINFOREST_RESIN,SEASHELLS,10004,1
179100,,,KELP,SEASHELLS,2018,1
179300,,,RAINFOREST_RESIN,SEASHELLS,9998,2
179600,,,RAINFOREST_RESIN,SEASHELLS,9998,4
179800,,,RAINFOREST_RESIN,SEASHELLS,9995,8
179900,,,RAINFOREST_RESIN,SEASHELLS,9996,2
180000,,,KELP,SEASHELLS,2020,11
180100,,,RAINFOREST_RESIN,SEASHELLS,9998,3
180300,,,RAINFOREST_RESIN,SEASHELLS,9998,4
180500,SUBMISSION,,KELP,SEASHELLS,2021,23
180500,,,KELP,SEASHELLS,2020,6
180500,,,RAINFOREST_RESIN,SEASHELLS,10002,3
180600,SUBMISSION,,KELP,SEASHELLS,2021,25
180600,SUBMISSION,,KELP,SEASHELLS,2021,1
180700,SUBMISSION,,KELP,SEASHELLS,2021,24
180700,SUBMISSION,,KELP,SEASHELLS,2021,1
180800,SUBMISSION,,KELP,SEASHELLS,2021,26
180800,,,RAINFOREST_RESIN,SEASHELLS,10002,1
180900,,,KELP,SEASHELLS,2021,11
180900,,,RAINFOREST_RESIN,SEASHELLS,9998,1
181000,,,KELP,SEASHELLS,2020,1
181400,,,KELP,SEASHELLS,2021,2
181400,,,RAINFOREST_RESIN,SEASHELLS,10002,1
181500,,,KELP,SEASHELLS,2018,1
181500,,,KELP,SEASHELLS,2018,2
181500,,,RAINFOREST_RESIN,SEASHELLS,9998,2
181600,,,KELP,SEASHELLS,2018,2
181700,,,KELP,SEASHELLS,2021,14
181800,,,KELP,SEASHELLS,2018,1
181900,,SUBMISSION,KELP,SEASHELLS,2017,28
181900,,,RAINFOREST_RESIN,SEASHELLS,10002,1
182000,,SUBMISSION,KELP,SEASHELLS,2018,24
182000,,SUBMISSION,KELP,SEASHELLS,2018,1
182000,,,RAINFOREST_RESIN,SEASHELLS,10002,1
182100,,SUBMISSION,KELP,SEASHELLS,2018,28
182100,,SUBMISSION,KELP,SEASHELLS,2018,2
182100,,,KELP,SEASHELLS,2018,2
182200,SUBMISSION,,KELP,SEASHELLS,2021,28
182200,,,KELP,SEASHELLS,2020,1
182300,SUBMISSION,,KELP,SEASHELLS,2021,25
182300,SUBMISSION,,KELP,SEASHELLS,2021,1
182300,,,RAINFOREST_RESIN,SEASHELLS,9996,1
182400,SUBMISSION,,KELP,SEASHELLS,2021,29
182500,,,RAINFOREST_RESIN,SEASHELLS,10002,4
183100,,,KELP,SEASHELLS,2022,1
183100,,,RAINFOREST_RESIN,SEASHELLS,10004,1
183200,,,KELP,SEASHELLS,2019,9
183500,,,KELP,SEASHELLS,2022,1
183700,,,KELP,SEASHELLS,2023,8
183900,,,RAINFOREST_RESIN,SEASHELLS,9995,6
184000,,,KELP,SEASHELLS,2019,13
184100,,,KELP,SEASHELLS,2022,1
184600,,,KELP,SEASHELLS,2020,1
184600,,,RAINFOREST_RESIN,SEASHELLS,9995,1
184800,,,RAINFOREST_RESIN,SEASHELLS,10002,3
184800,,,RAINFOREST_RESIN,SEASHELLS,10002,5
185200,,,KELP,SEASHELLS,2024,10
185400,,,KELP,SEASHELLS,2020,1
185400,,,RAINFOREST_RESIN,SEASHELLS,9996,1
185800,,,RAINFOREST_RESIN,SEASHELLS,9998,1
186100,,,KELP,SEASHELLS,2022,1
186100,,,KELP,SEASHELLS,2022,4
186300,,,KELP,SEASHELLS,2021,10
186300,,,RAINFOREST_RESIN,SEASHELLS,10004,1
186300,,,RAINFOREST_RESIN,SEASHELLS,10004,10
186400,,,KELP,SEASHELLS,2021,1
187000,,,KELP,SEASHELLS,2022,3
187300,,,KELP,SEASHELLS,2023,1
187400,,,KELP,SEASHELLS,2023,1
187600,,SUBMISSION,KELP,SEASHELLS,2020,23
187600,,SUBMISSION,KELP,SEASHELLS,2020,1
187700,,SUBMISSION,KELP,SEASHELLS,2022,8
187700,,,KELP,SEASHELLS,2021,1
187700,,,KELP,SEASHELLS,2024,15
187800,,SUBMISSION,KELP,SEASHELLS,2020,20
187800,,SUBMISSION,KELP,SEASHELLS,2020,1
187900,,SUBMISSION,KELP,SEASHELLS,2020,24
187900,,SUBMISSION,KELP,SEASHELLS,2020,2
188000,,SUBMISSION,KELP,SEASHELLS,2020,21
188000,,,RAINFOREST_RESIN,SEASHELLS,10002,1
188400,,,RAINFOREST_RESIN,SEASHELLS,9998,1
188500,,,RAINFOREST_RESIN,SEASHELLS,10002,1
189000,,,KELP,SEASHELLS,2020,1
189100,SUBMISSION,,KELP,SEASHELLS,2023,26
189200,SUBMISSION,,KELP,SEASHELLS,2023,26
189200,SUBMISSION,,KELP,SEASHELLS,2023,1
189200,,,KELP,SEASHELLS,2021,3
189300,SUBMISSION,,KELP,SEASHELLS,2023,24
189300,SUBMISSION,,KELP,SEASHELLS,2023,2
189400,SUBMISSION,,KELP,SEASHELLS,2023,21
189500,,,KELP,SEASHELLS,2024,2
189500,,,RAINFOREST_RESIN,SEASHELLS,9998,1
189500,,,RAINFOREST_RESIN,SEASHELLS,10005,2
189700,,SUBMISSION,KELP,SEASHELLS,2020,22
189800,,SUBMISSION,KELP,SEASHELLS,2020,8
189800,,SUBMISSION,KELP,SEASHELLS,2020,23
189800,,SUBMISSION,KELP,SEASHELLS,2020,1
189800,,,KELP,SEASHELLS,2023,2
189800,,,RAINFOREST_RESIN,SEASHELLS,10004,1
189800,,,RAINFOREST_RESIN,SEASHELLS,10004,1
189900,,SUBMISSION,KELP,SEASHELLS,2021,3
189900,,,KELP,SEASHELLS,2022,1
190000,,SUBMISSION,KELP,SEASHELLS,2020,15
190000,,SUBMISSION,KELP,SEASHELLS,2020,2
190000,,,KELP,SEASHELLS,2020,9
190100,,SUBMISSION,KELP,SEASHELLS,2020,20
190100,,SUBMISSION,KELP,SEASHELLS,2020,1
190200,,SUBMISSION,KELP,SEASHELLS,2021,5
190300,,,KELP,SEASHELLS,2023,1
190600,,,KELP,SEASHELLS,2020,1
190700,,,KELP,SEASHELLS,2020,10
190800,,,RAINFOREST_RESIN,SEASHELLS,9998,5
190900,SUBMISSION,,KELP,SEASHELLS,2024,23
190900,,,KELP,SEASHELLS,2023,1
190900,,,RAINFOREST_RESIN,SEASHELLS,10005,1
190900,,,RAINFOREST_RESIN,SEASHELLS,10002,1
191000,SUBMISSION,,KELP,SEASHELLS,2024,25
191000,SUBMISSION,,KELP,SEASHELLS,2024,2
191000,,,RAINFOREST_RESIN,SEASHELLS,10002,1
191100,SUBMISSION,,KELP,SEASHELLS,2023,2
191200,SUBMISSION,,KELP,SEASHELLS,2023,22
191300,SUBMISSION,,KELP,SEASHELLS,2023,24
191300,SUBMISSION,,KELP,SEASHELLS,2023,2
191400,,,RAINFOREST_RESIN,SEASHELLS,9998,1
191700,,,RAINFOREST_RESIN,SEASHELLS,10004,2
191700,,,RAINFOREST_RESIN,SEASHELLS,10004,4
191800,,,KELP,SEASHELLS,2022,1
191900,,SUBMISSION,KELP,SEASHELLS,2020,4
192000,,SUBMISSION,KELP,SEASHELLS,2019,22
192000,,SUBMISSION,KELP,SEASHELLS,2019,2
192000,,,KELP,SEASHELLS,2022,1
192000,,,RAINFOREST_RESIN,SEASHELLS,10002,1
192100,,SUBMISSION,KELP,SEASHELLS,2019,30
192100,,SUBMISSION,KELP,SEASHELLS,2019,2
192100,,,RAINFOREST_RESIN,SEASHELLS,9998,1
192200,,SUBMISSION,KELP,SEASHELLS,2019,30
192200,,,RAINFOREST_RESIN,SEASHELLS,9998,2
192300,,SUBMISSION,KELP,SEASHELLS,2020,1
192400,,SUBMISSION,KELP,SEASHELLS,2019,9
192400,,,KELP,SEASHELLS,2019,1
192400,,,RAINFOREST_RESIN,SEASHELLS,9998,1
192700,,,RAINFOREST_RESIN,SEASHELLS,9996,1
192700,,,RAINFOREST_RESIN,SEASHELLS,9996,5
193300,,,RAINFOREST_RESIN,SEASHELLS,10002,1
193300,,,RAINFOREST_RESIN,SEASHELLS,10002,4
193600,,,KELP,SEASHELLS,2021,14
193700,,,RAINFOREST_RESIN,SEASHELLS,9998,1
193800,,,KELP,SEASHELLS,2020,1
194000,,,KELP,SEASHELLS,2018,1
194300,,,KELP,SEASHELLS,2018,1
194400,,,KELP,SEASHELLS,2021,2
194400,,,RAINFOREST_RESIN,SEASHELLS,10002,2
194600,,,KELP,SEASHELLS,2018,1
195100,,,KELP,SEASHELLS,2018,2
195100,,,KELP,SEASHELLS,2018,6
195100,,,RAINFOREST_RESIN,SEASHELLS,10002,4
195100,,,RAINFOREST_RESIN,SEASHELLS,10002,1
195700,,,RAINFOREST_RESIN,SEASHELLS,10002,1
195800,SUBMISSION,,KELP,SEASHELLS,2021,8
195800,,,KELP,SEASHELLS,2022,1
195800,,,RAINFOREST_RESIN,SEASHELLS,10004,1
195900,SUBMISSION,,KELP,SEASHELLS,2022,26
195900,SUBMISSION,,KELP,SEASHELLS,2022,1
196000,SUBMISSION,,KELP,SEASHELLS,2022,22
196000,,,RAINFOREST_RESIN,SEASHELLS,10002,1
196100,SUBMISSION,,KELP,SEASHELLS,2023,23
196100,SUBMISSION,,KELP,SEASHELLS,2023,1
196200,SUBMISSION,,KELP,SEASHELLS,2022,1
196300,SUBMISSION,,KELP,SEASHELLS,2021,7
196400,SUBMISSION,,KELP,SEASHELLS,2023,11
196500,,,KELP,SEASHELLS,2022,1
197300,,,KELP,SEASHELLS,2023,1
197300,,,RAINFOREST_RESIN,SEASHELLS,9996,1
197300,,,RAINFOREST_RESIN,SEASHELLS,9996,1
197500,,,KELP,SEASHELLS,2020,1
197700,,,KELP,SEASHELLS,2024,2
197700,,,RAINFOREST_RESIN,SEASHELLS,10002,2
198500,,,KELP,SEASHELLS,2024,2
198500,,,RAINFOREST_RESIN,SEASHELLS,9998,2
198700,,SUBMISSION,KELP,SEASHELLS,2020,20
198700,,SUBMISSION,KELP,SEASHELLS,2020,2
198800,,SUBMISSION,KELP,SEASHELLS,2021,26
198800,,SUBMISSION,KELP,SEASHELLS,2021,1
198800,,,KELP,SEASHELLS,2021,1
198900,,SUBMISSION,KELP,SEASHELLS,2020,8
198900,,SUBMISSION,KELP,SEASHELLS,2020,26
198900,,SUBMISSION,KELP,SEASHELLS,2020,1
198900,,,KELP,SEASHELLS,2021,5
198900,,,RAINFOREST_RESIN,SEASHELLS,10002,1
199000,,SUBMISSION,KELP,SEASHELLS,2020,16
199000,,,KELP,SEASHELLS,2020,2
199000,,,RAINFOREST_RESIN,SEASHELLS,9996,2
199100,,,KELP,SEASHELLS,2020,1
199200,,,KELP,SEASHELLS,2021,2
199400,,,KELP,SEASHELLS,2022,1
199400,,,KELP,SEASHELLS,2021,2
199400,,,KELP,SEASHELLS,2021,1
199400,,,KELP,SEASHELLS,2021,3
199400,,,RAINFOREST_RESIN,SEASHELLS,10004,1
199500,,,RAINFOREST_RESIN,SEASHELLS,10002,1
199600,,,KELP,SEASHELLS,2023,1
199600,,,KELP,SEASHELLS,2023,1
199600,,,RAINFOREST_RESIN,SEASHELLS,10002,2
