timestamp,buyer,seller,symbol,currency,price,quantity
0,,,CROISSANTS,SEASHELLS,4265,8
0,,,JAMS,SEASHELLS,6519,6
100,,SUBMISSION,KELP,SEASHELLS,2046,7
100,,SUBMISSION,SQUID_INK,SEASHELLS,1802,7
100,,SUBMISSION,SQUID_INK,SEASHELLS,1801,4
200,,SUBMISSION,VOLCANIC_ROCK,SEASHELLS,10221,135
200,,SUBMISSION,VOLCANIC_ROCK,SEASHELLS,10220,57
200,,SUBMISSION,VOLCANIC_ROCK_VOUCHER_10000,SEASHELLS,235,14
200,,SUBMISSION,VOLCANIC_ROCK_VOUCHER_10250,SEASHELLS,64,14
200,,SUBMISSION,VOLCANIC_ROCK_VOUCHER_10500,SEASHELLS,9,14
200,,SUBMISSION,VOLCANIC_ROCK_VOUCHER_9500,SEASHELLS,722,14
200,,SUBMISSION,VOLCANIC_ROCK_VOUCHER_9750,SEASHELLS,473,14
200,,,DJEMBES,SEASHELLS,13420,2
300,,SUBMISSION,VOLCANIC_ROCK,SEASHELLS,10222,138
300,,SUBMISSION,VOLCANIC_ROCK,SEASHELLS,10222,43
300,,SUBMISSION,VOLCANIC_ROCK_VOUCHER_10000,SEASHELLS,235,19
300,,SUBMISSION,VOLCANIC_ROCK_VOUCHER_10000,SEASHELLS,235,1
300,,SUBMISSION,VOLCANIC_ROCK_VOUCHER_10250,SEASHELLS,65,19
300,,SUBMISSION,VOLCANIC_ROCK_VOUCHER_10250,SEASHELLS,65,1
300,,SUBMISSION,VOLCANIC_ROCK_VOUCHER_9500,SEASHELLS,723,19
300,,SUBMISSION,VOLCANIC_ROCK_VOUCHER_9500,SEASHELLS,723,1
300,,SUBMISSION,VOLCANIC_ROCK_VOUCHER_9750,SEASHELLS,474,19
300,,SUBMISSION,VOLCANIC_ROCK_VOUCHER_9750,SEASHELLS,474,1
300,,,JAMS,SEASHELLS,6520,10
400,,SUBMISSION,CROISSANTS,SEASHELLS,4266,47
400,SUBMISSION,,VOLCANIC_ROCK,SEASHELLS,10218,128
400,SUBMISSION,,VOLCANIC_ROCK,SEASHELLS,10219,44
400,SUBMISSION,,VOLCANIC_ROCK_VOUCHER_10250,SEASHELLS,63,19
400,SUBMISSION,,VOLCANIC_ROCK_VOUCHER_9500,SEASHELLS,718,19
400,SUBMISSION,,VOLCANIC_ROCK_VOUCHER_9750,SEASHELLS,469,19
400,,,CROISSANTS,SEASHELLS,4267,5
500,,SUBMISSION,SQUID_INK,SEASHELLS,1802,6
500,SUBMISSION,,VOLCANIC_ROCK,SEASHELLS,10217,143
500,SUBMISSION,,VOLCANIC_ROCK,SEASHELLS,10218,63
500,SUBMISSION,,VOLCANIC_ROCK_VOUCHER_10000,SEASHELLS,230,16
500,SUBMISSION,,VOLCANIC_ROCK_VOUCHER_10250,SEASHELLS,63,16
500,SUBMISSION,,VOLCANIC_ROCK_VOUCHER_9500,SEASHELLS,718,16
500,SUBMISSION,,VOLCANIC_ROCK_VOUCHER_9750,SEASHELLS,469,16
600,SUBMISSION,,PICNIC_BASKET1,SEASHELLS,58712,20
600,,SUBMISSION,PICNIC_BASKET2,SEASHELLS,30098,4
600,SUBMISSION,,VOLCANIC_ROCK,SEASHELLS,10216,133
600,SUBMISSION,,VOLCANIC_ROCK,SEASHELLS,10217,59
600,SUBMISSION,,VOLCANIC_ROCK_VOUCHER_10000,SEASHELLS,230,20
600,SUBMISSION,,VOLCANIC_ROCK_VOUCHER_10250,SEASHELLS,63,20
600,SUBMISSION,,VOLCANIC_ROCK_VOUCHER_9500,SEASHELLS,716,20
600,SUBMISSION,,VOLCANIC_ROCK_VOUCHER_9750,SEASHELLS,467,20
700,,SUBMISSION,PICNIC_BASKET2,SEASHELLS,30098,1
700,,SUBMISSION,SQUID_INK,SEASHELLS,1803,4
700,,SUBMISSION,SQUID_INK,SEASHELLS,1803,1
700,,SUBMISSION,VOLCANIC_ROCK,SEASHELLS,10219,128
700,SUBMISSION,,VOLCANIC_ROCK_VOUCHER_10000,SEASHELLS,233,18
700,SUBMISSION,,VOLCANIC_ROCK_VOUCHER_10000,SEASHELLS,233,1
800,SUBMISSION,,KELP,SEASHELLS,2044,1
800,,SUBMISSION,PICNIC_BASKET2,SEASHELLS,30100,1
800,,SUBMISSION,PICNIC_BASKET2,SEASHELLS,30099,20
800,,SUBMISSION,PICNIC_BASKET2,SEASHELLS,30099,10
800,,SUBMISSION,SQUID_INK,SEASHELLS,1804,27
800,,SUBMISSION,SQUID_INK,SEASHELLS,1804,1
800,,SUBMISSION,VOLCANIC_ROCK,SEASHELLS,10221,5
800,,SUBMISSION,VOLCANIC_ROCK,SEASHELLS,10220,129
800,,SUBMISSION,VOLCANIC_ROCK,SEASHELLS,10220,47
800,,SUBMISSION,VOLCANIC_ROCK_VOUCHER_10000,SEASHELLS,235,10
800,,SUBMISSION,VOLCANIC_ROCK_VOUCHER_10000,SEASHELLS,235,1
800,,SUBMISSION,VOLCANIC_ROCK_VOUCHER_10250,SEASHELLS,64,10
800,,SUBMISSION,VOLCANIC_ROCK_VOUCHER_10250,SEASHELLS,64,1
800,,SUBMISSION,VOLCANIC_ROCK_VOUCHER_9500,SEASHELLS,721,10
800,,SUBMISSION,VOLCANIC_ROCK_VOUCHER_9500,SEASHELLS,721,1
800,,SUBMISSION,VOLCANIC_ROCK_VOUCHER_9750,SEASHELLS,472,10
800,,SUBMISSION,VOLCANIC_ROCK_VOUCHER_9750,SEASHELLS,472,1
800,,,CROISSANTS,SEASHELLS,4266,5
800,,,KELP,SEASHELLS,2044,1
800,,,SQUID_INK,SEASHELLS,1805,1
800,,,SQUID_INK,SEASHELLS,1805,1
900,SUBMISSION,,VOLCANIC_ROCK,SEASHELLS,10218,125
900,SUBMISSION,,VOLCANIC_ROCK_VOUCHER_10000,SEASHELLS,232,17
900,SUBMISSION,,VOLCANIC_ROCK_VOUCHER_10000,SEASHELLS,232,1
900,SUBMISSION,,VOLCANIC_ROCK_VOUCHER_10250,SEASHELLS,63,17
900,SUBMISSION,,VOLCANIC_ROCK_VOUCHER_10250,SEASHELLS,63,1
900,SUBMISSION,,VOLCANIC_ROCK_VOUCHER_9500,SEASHELLS,718,17
900,SUBMISSION,,VOLCANIC_ROCK_VOUCHER_9500,SEASHELLS,718,1
900,SUBMISSION,,VOLCANIC_ROCK_VOUCHER_9750,SEASHELLS,470,17
900,SUBMISSION,,VOLCANIC_ROCK_VOUCHER_9750,SEASHELLS,470,1
900,,,JAMS,SEASHELLS,6521,9
1000,,SUBMISSION,CROISSANTS,SEASHELLS,4266,63
1000,,SUBMISSION,CROISSANTS,SEASHELLS,4266,53
1000,SUBMISSION,,DJEMBES,SEASHELLS,13419,22
1000,,SUBMISSION,JAMS,SEASHELLS,6520,53
1000,,SUBMISSION,JAMS,SEASHELLS,6520,188
1000,,SUBMISSION,PICNIC_BASKET1,SEASHELLS,58719,5
1000,,SUBMISSION,PICNIC_BASKET1,SEASHELLS,58718,22
1000,,SUBMISSION,PICNIC_BASKET2,SEASHELLS,30104,22
1000,,SUBMISSION,PICNIC_BASKET2,SEASHELLS,30104,12
1000,SUBMISSION,,RAINFOREST_RESIN,SEASHELLS,9998,3
1000,SUBMISSION,,VOLCANIC_ROCK,SEASHELLS,10218,126
1000,SUBMISSION,,VOLCANIC_ROCK,SEASHELLS,10218,68
1000,SUBMISSION,,VOLCANIC_ROCK_VOUCHER_10000,SEASHELLS,231,12
1000,SUBMISSION,,VOLCANIC_ROCK_VOUCHER_10250,SEASHELLS,63,12
1000,SUBMISSION,,VOLCANIC_ROCK_VOUCHER_9500,SEASHELLS,718,12
1000,SUBMISSION,,VOLCANIC_ROCK_VOUCHER_9750,SEASHELLS,469,12
1000,,,PICNIC_BASKET1,SEASHELLS,58719,7
1100,,SUBMISSION,CROISSANTS,SEASHELLS,4266,65
1100,,SUBMISSION,CROISSANTS,SEASHELLS,4266,22
1100,SUBMISSION,,DJEMBES,SEASHELLS,13419,18
1100,,SUBMISSION,JAMS,SEASHELLS,6521,68
1100,,SUBMISSION,JAMS,SEASHELLS,6521,41
1100,SUBMISSION,,KELP,SEASHELLS,2045,4
1100,,SUBMISSION,PICNIC_BASKET1,SEASHELLS,58720,1
1100,,SUBMISSION,PICNIC_BASKET1,SEASHELLS,58719,18
1100,,SUBMISSION,PICNIC_BASKET1,SEASHELLS,58718,18
1100,,SUBMISSION,PICNIC_BASKET2,SEASHELLS,30107,18
1100,,SUBMISSION,PICNIC_BASKET2,SEASHELLS,30107,1
1100,,SUBMISSION,PICNIC_BASKET2,SEASHELLS,30107,0
1100,,SUBMISSION,PICNIC_BASKET2,SEASHELLS,30106,11
1100,,SUBMISSION,RAINFOREST_RESIN,SEASHELLS,10003,10
1100,SUBMISSION,,VOLCANIC_ROCK,SEASHELLS,10218,144
1100,SUBMISSION,,VOLCANIC_ROCK,SEASHELLS,10218,49
1100,SUBMISSION,,VOLCANIC_ROCK_VOUCHER_10000,SEASHELLS,232,18
1100,SUBMISSION,,VOLCANIC_ROCK_VOUCHER_10000,SEASHELLS,232,1
1100,SUBMISSION,,VOLCANIC_ROCK_VOUCHER_10250,SEASHELLS,63,18
1100,SUBMISSION,,VOLCANIC_ROCK_VOUCHER_10250,SEASHELLS,63,1
1100,SUBMISSION,,VOLCANIC_ROCK_VOUCHER_9500,SEASHELLS,718,18
1100,SUBMISSION,,VOLCANIC_ROCK_VOUCHER_9500,SEASHELLS,718,1
1100,SUBMISSION,,VOLCANIC_ROCK_VOUCHER_9750,SEASHELLS,469,18
1100,SUBMISSION,,VOLCANIC_ROCK_VOUCHER_9750,SEASHELLS,469,1
1100,,,JAMS,SEASHELLS,6523,5
1200,,SUBMISSION,PICNIC_BASKET1,SEASHELLS,58722,16
1200,SUBMISSION,,VOLCANIC_ROCK_VOUCHER_10000,SEASHELLS,231,17
1200,SUBMISSION,,VOLCANIC_ROCK_VOUCHER_10000,SEASHELLS,231,2
1200,SUBMISSION,,VOLCANIC_ROCK_VOUCHER_10250,SEASHELLS,63,17
1200,SUBMISSION,,VOLCANIC_ROCK_VOUCHER_10250,SEASHELLS,63,2
1200,SUBMISSION,,VOLCANIC_ROCK_VOUCHER_9500,SEASHELLS,717,17
1200,SUBMISSION,,VOLCANIC_ROCK_VOUCHER_9500,SEASHELLS,717,2
1200,SUBMISSION,,VOLCANIC_ROCK_VOUCHER_9750,SEASHELLS,468,17
1200,SUBMISSION,,VOLCANIC_ROCK_VOUCHER_9750,SEASHELLS,468,2
1200,,,VOLCANIC_ROCK_VOUCHER_10000,SEASHELLS,230,15
1200,,,VOLCANIC_ROCK_VOUCHER_10250,SEASHELLS,62,15
1200,,,VOLCANIC_ROCK_VOUCHER_10500,SEASHELLS,8,15
1200,,,VOLCANIC_ROCK_VOUCHER_9500,SEASHELLS,716,15
1200,,,VOLCANIC_ROCK_VOUCHER_9750,SEASHELLS,467,15
1300,SUBMISSION,,DJEMBES,SEASHELLS,13417,17
1300,SUBMISSION,,DJEMBES,SEASHELLS,13417,3
1300,,SUBMISSION,RAINFOREST_RESIN,SEASHELLS,10001,1
1300,SUBMISSION,,VOLCANIC_ROCK_VOUCHER_10000,SEASHELLS,231,18
1300,SUBMISSION,,VOLCANIC_ROCK_VOUCHER_10000,SEASHELLS,231,1
1300,SUBMISSION,,VOLCANIC_ROCK_VOUCHER_10250,SEASHELLS,63,18
1300,SUBMISSION,,VOLCANIC_ROCK_VOUCHER_10250,SEASHELLS,63,1
1300,SUBMISSION,,VOLCANIC_ROCK_VOUCHER_9500,SEASHELLS,718,18
1300,SUBMISSION,,VOLCANIC_ROCK_VOUCHER_9500,SEASHELLS,718,1
1300,,,KELP,SEASHELLS,2043,1
1300,,,KELP,SEASHELLS,2043,2
1300,,,RAINFOREST_RESIN,SEASHELLS,9992,2
1300,,,SQUID_INK,SEASHELLS,1804,1
1300,,,SQUID_INK,SEASHELLS,1803,2
1400,SUBMISSION,,KELP,SEASHELLS,2044,2
1400,,SUBMISSION,RAINFOREST_RESIN,SEASHELLS,10002,4
1400,SUBMISSION,,VOLCANIC_ROCK_VOUCHER_10000,SEASHELLS,231,16
1400,,,SQUID_INK,SEASHELLS,1805,2
1500,SUBMISSION,,KELP,SEASHELLS,2044,1
1500,SUBMISSION,,VOLCANIC_ROCK_VOUCHER_10000,SEASHELLS,232,16
1500,SUBMISSION,,VOLCANIC_ROCK_VOUCHER_10000,SEASHELLS,232,1
1500,,,SQUID_INK,SEASHELLS,1804,1
1600,,SUBMISSION,VOLCANIC_ROCK,SEASHELLS,10219,131
1600,,SUBMISSION,VOLCANIC_ROCK_VOUCHER_10000,SEASHELLS,233,16
1600,,SUBMISSION,VOLCANIC_ROCK_VOUCHER_9500,SEASHELLS,719,16
1600,,SUBMISSION,VOLCANIC_ROCK_VOUCHER_9750,SEASHELLS,471,16
1700,,SUBMISSION,RAINFOREST_RESIN,SEASHELLS,10002,4
1700,SUBMISSION,,VOLCANIC_ROCK,SEASHELLS,10218,131
1700,,SUBMISSION,VOLCANIC_ROCK_VOUCHER_10000,SEASHELLS,234,19
1700,SUBMISSION,,VOLCANIC_ROCK_VOUCHER_10250,SEASHELLS,63,19
1700,SUBMISSION,,VOLCANIC_ROCK_VOUCHER_9500,SEASHELLS,718,19
1700,SUBMISSION,,VOLCANIC_ROCK_VOUCHER_9750,SEASHELLS,469,19
1700,,,VOLCANIC_ROCK,SEASHELLS,10216,2
1800,,SUBMISSION,VOLCANIC_ROCK,SEASHELLS,10219,120
1800,SUBMISSION,,VOLCANIC_ROCK_VOUCHER_10000,SEASHELLS,231,14
1800,SUBMISSION,,VOLCANIC_ROCK_VOUCHER_10000,SEASHELLS,231,1
1800,,SUBMISSION,VOLCANIC_ROCK_VOUCHER_9500,SEASHELLS,719,14
1800,,SUBMISSION,VOLCANIC_ROCK_VOUCHER_9500,SEASHELLS,719,1
1800,,SUBMISSION,VOLCANIC_ROCK_VOUCHER_9500,SEASHELLS,719,14
1800,,SUBMISSION,VOLCANIC_ROCK_VOUCHER_9750,SEASHELLS,470,14
1800,,SUBMISSION,VOLCANIC_ROCK_VOUCHER_9750,SEASHELLS,470,1
1800,,SUBMISSION,VOLCANIC_ROCK_VOUCHER_9750,SEASHELLS,470,14
1800,,,KELP,SEASHELLS,2045,3
1800,,,KELP,SEASHELLS,2045,2
1800,,,SQUID_INK,SEASHELLS,1804,3
1800,,,SQUID_INK,SEASHELLS,1804,2
1900,,SUBMISSION,RAINFOREST_RESIN,SEASHELLS,10002,4
1900,,SUBMISSION,VOLCANIC_ROCK,SEASHELLS,10224,110
1900,,SUBMISSION,VOLCANIC_ROCK,SEASHELLS,10223,59
1900,,SUBMISSION,VOLCANIC_ROCK_VOUCHER_10000,SEASHELLS,237,14
1900,,SUBMISSION,VOLCANIC_ROCK_VOUCHER_10000,SEASHELLS,237,1
1900,,SUBMISSION,VOLCANIC_ROCK_VOUCHER_10000,SEASHELLS,237,13
1900,,SUBMISSION,VOLCANIC_ROCK_VOUCHER_10250,SEASHELLS,66,14
1900,,SUBMISSION,VOLCANIC_ROCK_VOUCHER_10250,SEASHELLS,66,1
1900,,SUBMISSION,VOLCANIC_ROCK_VOUCHER_10250,SEASHELLS,66,13
1900,,SUBMISSION,VOLCANIC_ROCK_VOUCHER_10500,SEASHELLS,9,14
1900,,SUBMISSION,VOLCANIC_ROCK_VOUCHER_10500,SEASHELLS,9,1
1900,,SUBMISSION,VOLCANIC_ROCK_VOUCHER_10500,SEASHELLS,9,13
1900,,SUBMISSION,VOLCANIC_ROCK_VOUCHER_9500,SEASHELLS,724,14
1900,,SUBMISSION,VOLCANIC_ROCK_VOUCHER_9500,SEASHELLS,724,1
1900,,SUBMISSION,VOLCANIC_ROCK_VOUCHER_9500,SEASHELLS,724,13
1900,,SUBMISSION,VOLCANIC_ROCK_VOUCHER_9750,SEASHELLS,476,14
1900,,SUBMISSION,VOLCANIC_ROCK_VOUCHER_9750,SEASHELLS,476,1
1900,,SUBMISSION,VOLCANIC_ROCK_VOUCHER_9750,SEASHELLS,476,13
1900,,,VOLCANIC_ROCK,SEASHELLS,10224,9
2000,,SUBMISSION,VOLCANIC_ROCK,SEASHELLS,10222,121
2000,,SUBMISSION,VOLCANIC_ROCK,SEASHELLS,10222,60
2000,,SUBMISSION,VOLCANIC_ROCK_VOUCHER_10000,SEASHELLS,237,18
2000,,SUBMISSION,VOLCANIC_ROCK_VOUCHER_10000,SEASHELLS,237,1
2000,,SUBMISSION,VOLCANIC_ROCK_VOUCHER_10250,SEASHELLS,65,18
2000,,SUBMISSION,VOLCANIC_ROCK_VOUCHER_10250,SEASHELLS,65,1
2000,,SUBMISSION,VOLCANIC_ROCK_VOUCHER_10500,SEASHELLS,9,18
2000,,SUBMISSION,VOLCANIC_ROCK_VOUCHER_10500,SEASHELLS,9,1
2000,,SUBMISSION,VOLCANIC_ROCK_VOUCHER_9500,SEASHELLS,723,18
2000,,SUBMISSION,VOLCANIC_ROCK_VOUCHER_9500,SEASHELLS,723,1
2000,,SUBMISSION,VOLCANIC_ROCK_VOUCHER_9750,SEASHELLS,474,18
2000,,SUBMISSION,VOLCANIC_ROCK_VOUCHER_9750,SEASHELLS,474,1
2000,,,JAMS,SEASHELLS,6522,4
2100,,SUBMISSION,VOLCANIC_ROCK,SEASHELLS,10223,143
2100,,SUBMISSION,VOLCANIC_ROCK,SEASHELLS,10223,40
2100,,SUBMISSION,VOLCANIC_ROCK_VOUCHER_10000,SEASHELLS,239,19
2100,,SUBMISSION,VOLCANIC_ROCK_VOUCHER_10250,SEASHELLS,65,19
2100,,SUBMISSION,VOLCANIC_ROCK_VOUCHER_10500,SEASHELLS,9,19
2100,,SUBMISSION,VOLCANIC_ROCK_VOUCHER_9500,SEASHELLS,724,19
2100,,SUBMISSION,VOLCANIC_ROCK_VOUCHER_9750,SEASHELLS,475,19
2100,,,PICNIC_BASKET1,SEASHELLS,58720,9
2100,,,PICNIC_BASKET2,SEASHELLS,30110,9
2100,,,VOLCANIC_ROCK_VOUCHER_10000,SEASHELLS,240,13
2100,,,VOLCANIC_ROCK_VOUCHER_10250,SEASHELLS,66,13
2100,,,VOLCANIC_ROCK_VOUCHER_9500,SEASHELLS,725,13
2100,,,VOLCANIC_ROCK_VOUCHER_9750,SEASHELLS,476,13
2200,SUBMISSION,,JAMS,SEASHELLS,6521,99
2200,,SUBMISSION,RAINFOREST_RESIN,SEASHELLS,10002,3
2200,,SUBMISSION,VOLCANIC_ROCK,SEASHELLS,10224,110
2200,,SUBMISSION,VOLCANIC_ROCK,SEASHELLS,10223,37
2200,,SUBMISSION,VOLCANIC_ROCK_VOUCHER_10000,SEASHELLS,234,13
2200,,SUBMISSION,VOLCANIC_ROCK_VOUCHER_10000,SEASHELLS,234,1
2200,,SUBMISSION,VOLCANIC_ROCK_VOUCHER_10250,SEASHELLS,65,13
2200,,SUBMISSION,VOLCANIC_ROCK_VOUCHER_10250,SEASHELLS,65,1
2200,,SUBMISSION,VOLCANIC_ROCK_VOUCHER_10500,SEASHELLS,9,13
2200,,SUBMISSION,VOLCANIC_ROCK_VOUCHER_10500,SEASHELLS,9,1
2200,,SUBMISSION,VOLCANIC_ROCK_VOUCHER_9500,SEASHELLS,724,13
2200,,SUBMISSION,VOLCANIC_ROCK_VOUCHER_9500,SEASHELLS,724,1
2200,,SUBMISSION,VOLCANIC_ROCK_VOUCHER_9750,SEASHELLS,476,13
2200,,SUBMISSION,VOLCANIC_ROCK_VOUCHER_9750,SEASHELLS,476,1
2300,SUBMISSION,,JAMS,SEASHELLS,6521,88
2300,SUBMISSION,,PICNIC_BASKET1,SEASHELLS,58722,2
2300,,SUBMISSION,VOLCANIC_ROCK_VOUCHER_10000,SEASHELLS,236,18
2300,,SUBMISSION,VOLCANIC_ROCK_VOUCHER_10000,SEASHELLS,236,2
2300,,SUBMISSION,VOLCANIC_ROCK_VOUCHER_10250,SEASHELLS,65,18
2300,,SUBMISSION,VOLCANIC_ROCK_VOUCHER_10250,SEASHELLS,65,2
2300,,SUBMISSION,VOLCANIC_ROCK_VOUCHER_10500,SEASHELLS,9,18
2300,,SUBMISSION,VOLCANIC_ROCK_VOUCHER_10500,SEASHELLS,9,2
2300,,SUBMISSION,VOLCANIC_ROCK_VOUCHER_9500,SEASHELLS,724,18
2300,,SUBMISSION,VOLCANIC_ROCK_VOUCHER_9500,SEASHELLS,724,2
2300,,SUBMISSION,VOLCANIC_ROCK_VOUCHER_9750,SEASHELLS,474,18
2300,,SUBMISSION,VOLCANIC_ROCK_VOUCHER_9750,SEASHELLS,474,2
2300,,,CROISSANTS,SEASHELLS,4267,10
2300,,,RAINFOREST_RESIN,SEASHELLS,10003,7
2400,SUBMISSION,,JAMS,SEASHELLS,6521,74
2400,SUBMISSION,,PICNIC_BASKET1,SEASHELLS,58722,1
2400,SUBMISSION,,PICNIC_BASKET2,SEASHELLS,30109,1
2400,,,RAINFOREST_RESIN,SEASHELLS,10008,1
2500,SUBMISSION,,PICNIC_BASKET2,SEASHELLS,30106,14
2500,SUBMISSION,,PICNIC_BASKET2,SEASHELLS,30106,1
2500,SUBMISSION,,PICNIC_BASKET2,SEASHELLS,30106,0
2500,SUBMISSION,,PICNIC_BASKET2,SEASHELLS,30107,23
2500,,SUBMISSION,VOLCANIC_ROCK_VOUCHER_10000,SEASHELLS,237,14
2500,,SUBMISSION,VOLCANIC_ROCK_VOUCHER_10000,SEASHELLS,237,1
2500,,SUBMISSION,VOLCANIC_ROCK_VOUCHER_10250,SEASHELLS,64,14
2500,,SUBMISSION,VOLCANIC_ROCK_VOUCHER_10250,SEASHELLS,64,1
2500,,SUBMISSION,VOLCANIC_ROCK_VOUCHER_10500,SEASHELLS,9,14
2500,,SUBMISSION,VOLCANIC_ROCK_VOUCHER_10500,SEASHELLS,9,1
2500,,SUBMISSION,VOLCANIC_ROCK_VOUCHER_9500,SEASHELLS,721,14
2500,,SUBMISSION,VOLCANIC_ROCK_VOUCHER_9500,SEASHELLS,721,1
2500,,SUBMISSION,VOLCANIC_ROCK_VOUCHER_9750,SEASHELLS,473,14
2500,,SUBMISSION,VOLCANIC_ROCK_VOUCHER_9750,SEASHELLS,473,1
2500,,,DJEMBES,SEASHELLS,13418,5
2500,,,JAMS,SEASHELLS,6520,9
2500,,,RAINFOREST_RESIN,SEASHELLS,9992,2
2600,SUBMISSION,,CROISSANTS,SEASHELLS,4267,53
2600,SUBMISSION,,KELP,SEASHELLS,2044,1
2600,SUBMISSION,,KELP,SEASHELLS,2045,7
2600,SUBMISSION,,PICNIC_BASKET1,SEASHELLS,58723,2
2600,SUBMISSION,,PICNIC_BASKET2,SEASHELLS,30106,11
2600,SUBMISSION,,PICNIC_BASKET2,SEASHELLS,30106,2
2600,SUBMISSION,,PICNIC_BASKET2,SEASHELLS,30106,0
2600,SUBMISSION,,PICNIC_BASKET2,SEASHELLS,30107,30
2600,SUBMISSION,,SQUID_INK,SEASHELLS,1804,1
2600,SUBMISSION,,SQUID_INK,SEASHELLS,1805,7
2600,,SUBMISSION,VOLCANIC_ROCK_VOUCHER_10000,SEASHELLS,237,11
2600,,SUBMISSION,VOLCANIC_ROCK_VOUCHER_10000,SEASHELLS,237,2
2600,,SUBMISSION,VOLCANIC_ROCK_VOUCHER_10250,SEASHELLS,64,11
2600,,SUBMISSION,VOLCANIC_ROCK_VOUCHER_10250,SEASHELLS,64,2
2600,,SUBMISSION,VOLCANIC_ROCK_VOUCHER_9500,SEASHELLS,721,11
2600,,SUBMISSION,VOLCANIC_ROCK_VOUCHER_9500,SEASHELLS,721,2
2600,,SUBMISSION,VOLCANIC_ROCK_VOUCHER_9750,SEASHELLS,472,11
2600,,SUBMISSION,VOLCANIC_ROCK_VOUCHER_9750,SEASHELLS,472,2
2600,,,KELP,SEASHELLS,2043,6
2600,,,KELP,SEASHELLS,2043,1
2600,,,SQUID_INK,SEASHELLS,1803,6
2600,,,SQUID_INK,SEASHELLS,1803,1
2600,,,VOLCANIC_ROCK,SEASHELLS,10220,5
2700,SUBMISSION,,PICNIC_BASKET1,SEASHELLS,58722,19
2700,SUBMISSION,,PICNIC_BASKET1,SEASHELLS,58722,2
2700,SUBMISSION,,PICNIC_BASKET1,SEASHELLS,58722,0
2700,SUBMISSION,,PICNIC_BASKET1,SEASHELLS,58723,27
2700,SUBMISSION,,PICNIC_BASKET2,SEASHELLS,30107,2
2700,SUBMISSION,,PICNIC_BASKET2,SEASHELLS,30108,27
2700,SUBMISSION,,PICNIC_BASKET2,SEASHELLS,30108,19
2700,SUBMISSION,,VOLCANIC_ROCK_VOUCHER_10000,SEASHELLS,233,19
2700,SUBMISSION,,VOLCANIC_ROCK_VOUCHER_10000,SEASHELLS,233,2
2700,,SUBMISSION,VOLCANIC_ROCK_VOUCHER_10250,SEASHELLS,64,19
2700,,SUBMISSION,VOLCANIC_ROCK_VOUCHER_10250,SEASHELLS,64,2
2700,,,JAMS,SEASHELLS,6520,5
2700,,,JAMS,SEASHELLS,6522,9
2800,SUBMISSION,,CROISSANTS,SEASHELLS,4267,56
2800,SUBMISSION,,CROISSANTS,SEASHELLS,4267,71
2800,,SUBMISSION,DJEMBES,SEASHELLS,13419,24
2800,,SUBMISSION,DJEMBES,SEASHELLS,13419,46
2800,SUBMISSION,,PICNIC_BASKET1,SEASHELLS,58719,2
2800,SUBMISSION,,PICNIC_BASKET1,SEASHELLS,58720,20
2800,SUBMISSION,,PICNIC_BASKET1,SEASHELLS,58721,24
2800,SUBMISSION,,PICNIC_BASKET2,SEASHELLS,30106,2
2800,SUBMISSION,,PICNIC_BASKET2,SEASHELLS,30107,24
2800,SUBMISSION,,PICNIC_BASKET2,SEASHELLS,30107,20
2800,,SUBMISSION,VOLCANIC_ROCK_VOUCHER_10000,SEASHELLS,234,20
2800,,SUBMISSION,VOLCANIC_ROCK_VOUCHER_10000,SEASHELLS,234,2
2800,,SUBMISSION,VOLCANIC_ROCK_VOUCHER_10250,SEASHELLS,64,20
2800,,SUBMISSION,VOLCANIC_ROCK_VOUCHER_10250,SEASHELLS,64,2
2800,,SUBMISSION,VOLCANIC_ROCK_VOUCHER_10500,SEASHELLS,9,20
2800,,SUBMISSION,VOLCANIC_ROCK_VOUCHER_10500,SEASHELLS,9,2
2800,,SUBMISSION,VOLCANIC_ROCK_VOUCHER_9500,SEASHELLS,721,20
2800,,SUBMISSION,VOLCANIC_ROCK_VOUCHER_9500,SEASHELLS,721,2
2800,,SUBMISSION,VOLCANIC_ROCK_VOUCHER_9750,SEASHELLS,472,20
2800,,SUBMISSION,VOLCANIC_ROCK_VOUCHER_9750,SEASHELLS,472,2
2900,,SUBMISSION,DJEMBES,SEASHELLS,13419,23
2900,,SUBMISSION,DJEMBES,SEASHELLS,13418,27
2900,SUBMISSION,,PICNIC_BASKET2,SEASHELLS,30109,2
2900,SUBMISSION,,PICNIC_BASKET2,SEASHELLS,30110,22
2900,SUBMISSION,,RAINFOREST_RESIN,SEASHELLS,9998,5
2900,,SUBMISSION,VOLCANIC_ROCK_VOUCHER_10000,SEASHELLS,235,12
2900,,SUBMISSION,VOLCANIC_ROCK_VOUCHER_10000,SEASHELLS,235,2
2900,,SUBMISSION,VOLCANIC_ROCK_VOUCHER_10250,SEASHELLS,65,12
2900,,SUBMISSION,VOLCANIC_ROCK_VOUCHER_10250,SEASHELLS,65,2
2900,,SUBMISSION,VOLCANIC_ROCK_VOUCHER_10500,SEASHELLS,9,12
2900,,SUBMISSION,VOLCANIC_ROCK_VOUCHER_10500,SEASHELLS,9,2
2900,,SUBMISSION,VOLCANIC_ROCK_VOUCHER_9500,SEASHELLS,723,12
2900,,SUBMISSION,VOLCANIC_ROCK_VOUCHER_9500,SEASHELLS,723,2
2900,,SUBMISSION,VOLCANIC_ROCK_VOUCHER_9750,SEASHELLS,474,12
2900,,SUBMISSION,VOLCANIC_ROCK_VOUCHER_9750,SEASHELLS,474,2
2900,,,CROISSANTS,SEASHELLS,4267,9
3000,SUBMISSION,,CROISSANTS,SEASHELLS,4267,59
3000,SUBMISSION,,SQUID_INK,SEASHELLS,1804,1
3000,,SUBMISSION,VOLCANIC_ROCK_VOUCHER_10000,SEASHELLS,240,11
3000,,SUBMISSION,VOLCANIC_ROCK_VOUCHER_10000,SEASHELLS,240,2
3000,,SUBMISSION,VOLCANIC_ROCK_VOUCHER_10250,SEASHELLS,67,11
3000,,SUBMISSION,VOLCANIC_ROCK_VOUCHER_10250,SEASHELLS,67,2
3000,,SUBMISSION,VOLCANIC_ROCK_VOUCHER_10500,SEASHELLS,9,11
3000,,SUBMISSION,VOLCANIC_ROCK_VOUCHER_10500,SEASHELLS,9,2
3000,,SUBMISSION,VOLCANIC_ROCK_VOUCHER_9500,SEASHELLS,728,11
3000,,SUBMISSION,VOLCANIC_ROCK_VOUCHER_9500,SEASHELLS,728,2
3000,,SUBMISSION,VOLCANIC_ROCK_VOUCHER_9750,SEASHELLS,479,11
3000,,SUBMISSION,VOLCANIC_ROCK_VOUCHER_9750,SEASHELLS,479,2
3000,,,KELP,SEASHELLS,2044,1
3100,,SUBMISSION,RAINFOREST_RESIN,SEASHELLS,10001,1
3100,,SUBMISSION,VOLCANIC_ROCK_VOUCHER_10000,SEASHELLS,240,19
3100,,SUBMISSION,VOLCANIC_ROCK_VOUCHER_10000,SEASHELLS,240,2
3100,,SUBMISSION,VOLCANIC_ROCK_VOUCHER_10250,SEASHELLS,66,19
3100,,SUBMISSION,VOLCANIC_ROCK_VOUCHER_10250,SEASHELLS,66,2
3100,,SUBMISSION,VOLCANIC_ROCK_VOUCHER_9500,SEASHELLS,726,19
3100,,SUBMISSION,VOLCANIC_ROCK_VOUCHER_9500,SEASHELLS,726,2
3100,,SUBMISSION,VOLCANIC_ROCK_VOUCHER_9750,SEASHELLS,477,19
3100,,SUBMISSION,VOLCANIC_ROCK_VOUCHER_9750,SEASHELLS,477,2
3200,SUBMISSION,,KELP,SEASHELLS,2044,5
3200,SUBMISSION,,VOLCANIC_ROCK_VOUCHER_10000,SEASHELLS,235,18
3200,,SUBMISSION,VOLCANIC_ROCK_VOUCHER_10250,SEASHELLS,65,18
3200,,SUBMISSION,VOLCANIC_ROCK_VOUCHER_9500,SEASHELLS,723,18
3200,,SUBMISSION,VOLCANIC_ROCK_VOUCHER_9750,SEASHELLS,474,18
3300,,SUBMISSION,KELP,SEASHELLS,2046,1
3300,,SUBMISSION,SQUID_INK,SEASHELLS,1807,1
3300,,SUBMISSION,VOLCANIC_ROCK_VOUCHER_10000,SEASHELLS,236,11
3300,,SUBMISSION,VOLCANIC_ROCK_VOUCHER_10250,SEASHELLS,65,11
3300,,SUBMISSION,VOLCANIC_ROCK_VOUCHER_9500,SEASHELLS,724,11
3300,,SUBMISSION,VOLCANIC_ROCK_VOUCHER_9750,SEASHELLS,475,11
3300,,,DJEMBES,SEASHELLS,13419,4
3400,,SUBMISSION,JAMS,SEASHELLS,6523,79
3400,,SUBMISSION,JAMS,SEASHELLS,6523,11
3400,,SUBMISSION,JAMS,SEASHELLS,6523,0
3400,,SUBMISSION,JAMS,SEASHELLS,6522,122
3400,SUBMISSION,,VOLCANIC_ROCK,SEASHELLS,10221,108
3400,SUBMISSION,,VOLCANIC_ROCK,SEASHELLS,10221,54
3400,SUBMISSION,,VOLCANIC_ROCK_VOUCHER_10000,SEASHELLS,235,19
3400,SUBMISSION,,VOLCANIC_ROCK_VOUCHER_10000,SEASHELLS,235,2
3400,SUBMISSION,,VOLCANIC_ROCK_VOUCHER_10500,SEASHELLS,9,19
3400,SUBMISSION,,VOLCANIC_ROCK_VOUCHER_10500,SEASHELLS,9,2
3400,SUBMISSION,,VOLCANIC_ROCK_VOUCHER_9500,SEASHELLS,721,19
3400,SUBMISSION,,VOLCANIC_ROCK_VOUCHER_9500,SEASHELLS,721,2
3400,SUBMISSION,,VOLCANIC_ROCK_VOUCHER_9750,SEASHELLS,472,19
3400,SUBMISSION,,VOLCANIC_ROCK_VOUCHER_9750,SEASHELLS,472,2
3500,,SUBMISSION,JAMS,SEASHELLS,6523,49
3500,SUBMISSION,,KELP,SEASHELLS,2045,3
3500,,SUBMISSION,SQUID_INK,SEASHELLS,1806,8
3500,SUBMISSION,,VOLCANIC_ROCK_VOUCHER_10000,SEASHELLS,235,11
3600,SUBMISSION,,KELP,SEASHELLS,2045,3
3600,SUBMISSION,,VOLCANIC_ROCK,SEASHELLS,10222,124
3600,SUBMISSION,,VOLCANIC_ROCK_VOUCHER_10000,SEASHELLS,235,10
3600,SUBMISSION,,VOLCANIC_ROCK_VOUCHER_9500,SEASHELLS,722,10
3600,SUBMISSION,,VOLCANIC_ROCK_VOUCHER_9750,SEASHELLS,473,10
3700,SUBMISSION,,VOLCANIC_ROCK,SEASHELLS,10222,110
3700,,SUBMISSION,VOLCANIC_ROCK_VOUCHER_10000,SEASHELLS,236,12
3700,SUBMISSION,,VOLCANIC_ROCK_VOUCHER_10250,SEASHELLS,65,12
3700,SUBMISSION,,VOLCANIC_ROCK_VOUCHER_9500,SEASHELLS,722,12
3700,SUBMISSION,,VOLCANIC_ROCK_VOUCHER_9750,SEASHELLS,473,12
3700,,,KELP,SEASHELLS,2043,1
3700,,,SQUID_INK,SEASHELLS,1806,1
3800,SUBMISSION,,PICNIC_BASKET1,SEASHELLS,58717,21
3800,SUBMISSION,,VOLCANIC_ROCK,SEASHELLS,10218,147
3800,SUBMISSION,,VOLCANIC_ROCK,SEASHELLS,10219,42
3800,SUBMISSION,,VOLCANIC_ROCK_VOUCHER_10000,SEASHELLS,234,15
3800,SUBMISSION,,VOLCANIC_ROCK_VOUCHER_10250,SEASHELLS,63,15
3800,SUBMISSION,,VOLCANIC_ROCK_VOUCHER_10500,SEASHELLS,9,15
3800,SUBMISSION,,VOLCANIC_ROCK_VOUCHER_9500,SEASHELLS,719,15
3800,SUBMISSION,,VOLCANIC_ROCK_VOUCHER_9750,SEASHELLS,470,15
3800,,,KELP,SEASHELLS,2047,2
3800,,,SQUID_INK,SEASHELLS,1809,2
3900,SUBMISSION,,KELP,SEASHELLS,2044,1
3900,SUBMISSION,,VOLCANIC_ROCK,SEASHELLS,10218,138
3900,SUBMISSION,,VOLCANIC_ROCK,SEASHELLS,10219,59
3900,SUBMISSION,,VOLCANIC_ROCK_VOUCHER_10000,SEASHELLS,234,11
3900,SUBMISSION,,VOLCANIC_ROCK_VOUCHER_10000,SEASHELLS,234,1
3900,SUBMISSION,,VOLCANIC_ROCK_VOUCHER_10250,SEASHELLS,64,11
3900,SUBMISSION,,VOLCANIC_ROCK_VOUCHER_10250,SEASHELLS,64,1
3900,SUBMISSION,,VOLCANIC_ROCK_VOUCHER_10500,SEASHELLS,9,11
3900,SUBMISSION,,VOLCANIC_ROCK_VOUCHER_10500,SEASHELLS,9,1
3900,SUBMISSION,,VOLCANIC_ROCK_VOUCHER_9500,SEASHELLS,719,11
3900,SUBMISSION,,VOLCANIC_ROCK_VOUCHER_9500,SEASHELLS,719,1
3900,SUBMISSION,,VOLCANIC_ROCK_VOUCHER_9750,SEASHELLS,470,11
3900,SUBMISSION,,VOLCANIC_ROCK_VOUCHER_9750,SEASHELLS,470,1
3900,,,KELP,SEASHELLS,2045,1
3900,,,SQUID_INK,SEASHELLS,1807,1
4000,SUBMISSION,,VOLCANIC_ROCK,SEASHELLS,10219,18
4000,SUBMISSION,,VOLCANIC_ROCK_VOUCHER_10000,SEASHELLS,232,10
4000,SUBMISSION,,VOLCANIC_ROCK_VOUCHER_10000,SEASHELLS,232,1
4000,SUBMISSION,,VOLCANIC_ROCK_VOUCHER_10250,SEASHELLS,64,10
4000,SUBMISSION,,VOLCANIC_ROCK_VOUCHER_10250,SEASHELLS,64,1
4000,SUBMISSION,,VOLCANIC_ROCK_VOUCHER_10500,SEASHELLS,9,10
4000,SUBMISSION,,VOLCANIC_ROCK_VOUCHER_10500,SEASHELLS,9,1
4000,SUBMISSION,,VOLCANIC_ROCK_VOUCHER_9500,SEASHELLS,719,10
4000,SUBMISSION,,VOLCANIC_ROCK_VOUCHER_9500,SEASHELLS,719,1
4000,SUBMISSION,,VOLCANIC_ROCK_VOUCHER_9750,SEASHELLS,470,10
4000,SUBMISSION,,VOLCANIC_ROCK_VOUCHER_9750,SEASHELLS,470,1
4100,SUBMISSION,,VOLCANIC_ROCK_VOUCHER_10000,SEASHELLS,233,10
4100,SUBMISSION,,VOLCANIC_ROCK_VOUCHER_10000,SEASHELLS,233,2
4100,SUBMISSION,,VOLCANIC_ROCK_VOUCHER_10250,SEASHELLS,63,12
4100,SUBMISSION,,VOLCANIC_ROCK_VOUCHER_10250,SEASHELLS,64,10
4100,SUBMISSION,,VOLCANIC_ROCK_VOUCHER_10250,SEASHELLS,64,2
4100,SUBMISSION,,VOLCANIC_ROCK_VOUCHER_10500,SEASHELLS,9,10
4100,SUBMISSION,,VOLCANIC_ROCK_VOUCHER_10500,SEASHELLS,9,2
4100,SUBMISSION,,VOLCANIC_ROCK_VOUCHER_9500,SEASHELLS,718,10
4100,SUBMISSION,,VOLCANIC_ROCK_VOUCHER_9500,SEASHELLS,718,2
4100,SUBMISSION,,VOLCANIC_ROCK_VOUCHER_9750,SEASHELLS,469,10
4100,SUBMISSION,,VOLCANIC_ROCK_VOUCHER_9750,SEASHELLS,469,2
4100,,,KELP,SEASHELLS,2045,3
4100,,,SQUID_INK,SEASHELLS,1807,3
4100,,,SQUID_INK,SEASHELLS,1807,1
4100,,,VOLCANIC_ROCK_VOUCHER_10000,SEASHELLS,232,10
4100,,,VOLCANIC_ROCK_VOUCHER_10000,SEASHELLS,232,2
4100,,,VOLCANIC_ROCK_VOUCHER_10500,SEASHELLS,8,10
4100,,,VOLCANIC_ROCK_VOUCHER_10500,SEASHELLS,8,2
4100,,,VOLCANIC_ROCK_VOUCHER_9500,SEASHELLS,717,10
4100,,,VOLCANIC_ROCK_VOUCHER_9500,SEASHELLS,717,2
4100,,,VOLCANIC_ROCK_VOUCHER_9750,SEASHELLS,468,10
4100,,,VOLCANIC_ROCK_VOUCHER_9750,SEASHELLS,468,2
4200,SUBMISSION,,SQUID_INK,SEASHELLS,1805,27
4200,SUBMISSION,,SQUID_INK,SEASHELLS,1805,2
4200,SUBMISSION,,VOLCANIC_ROCK_VOUCHER_10000,SEASHELLS,228,11
4200,SUBMISSION,,VOLCANIC_ROCK_VOUCHER_10000,SEASHELLS,228,2
4200,SUBMISSION,,VOLCANIC_ROCK_VOUCHER_10250,SEASHELLS,62,11
4200,SUBMISSION,,VOLCANIC_ROCK_VOUCHER_10250,SEASHELLS,62,2
4200,SUBMISSION,,VOLCANIC_ROCK_VOUCHER_10500,SEASHELLS,9,11
4200,SUBMISSION,,VOLCANIC_ROCK_VOUCHER_10500,SEASHELLS,9,2
4200,SUBMISSION,,VOLCANIC_ROCK_VOUCHER_9500,SEASHELLS,715,11
4200,SUBMISSION,,VOLCANIC_ROCK_VOUCHER_9500,SEASHELLS,715,2
4200,SUBMISSION,,VOLCANIC_ROCK_VOUCHER_9750,SEASHELLS,466,11
4200,SUBMISSION,,VOLCANIC_ROCK_VOUCHER_9750,SEASHELLS,466,2
4300,SUBMISSION,,SQUID_INK,SEASHELLS,1803,8
4300,SUBMISSION,,SQUID_INK,SEASHELLS,1804,21
4300,SUBMISSION,,SQUID_INK,SEASHELLS,1804,1
4300,SUBMISSION,,VOLCANIC_ROCK_VOUCHER_10000,SEASHELLS,227,13
4300,SUBMISSION,,VOLCANIC_ROCK_VOUCHER_10000,SEASHELLS,227,1
4300,SUBMISSION,,VOLCANIC_ROCK_VOUCHER_10250,SEASHELLS,62,13
4300,SUBMISSION,,VOLCANIC_ROCK_VOUCHER_10250,SEASHELLS,62,1
4300,SUBMISSION,,VOLCANIC_ROCK_VOUCHER_10500,SEASHELLS,9,13
4300,SUBMISSION,,VOLCANIC_ROCK_VOUCHER_10500,SEASHELLS,9,1
4300,SUBMISSION,,VOLCANIC_ROCK_VOUCHER_9500,SEASHELLS,715,13
4300,SUBMISSION,,VOLCANIC_ROCK_VOUCHER_9500,SEASHELLS,715,1
4300,SUBMISSION,,VOLCANIC_ROCK_VOUCHER_9750,SEASHELLS,466,13
4300,SUBMISSION,,VOLCANIC_ROCK_VOUCHER_9750,SEASHELLS,466,1
4300,,,KELP,SEASHELLS,2044,4
4300,,,KELP,SEASHELLS,2044,1
4300,,,SQUID_INK,SEASHELLS,1801,4
4300,,,SQUID_INK,SEASHELLS,1801,1
4400,SUBMISSION,,SQUID_INK,SEASHELLS,1805,24
4400,SUBMISSION,,SQUID_INK,SEASHELLS,1805,2
4400,SUBMISSION,,VOLCANIC_ROCK_VOUCHER_10000,SEASHELLS,231,18
4400,SUBMISSION,,VOLCANIC_ROCK_VOUCHER_10000,SEASHELLS,231,2
4400,SUBMISSION,,VOLCANIC_ROCK_VOUCHER_10250,SEASHELLS,63,18
4400,SUBMISSION,,VOLCANIC_ROCK_VOUCHER_10250,SEASHELLS,63,2
4400,SUBMISSION,,VOLCANIC_ROCK_VOUCHER_10500,SEASHELLS,9,18
4400,SUBMISSION,,VOLCANIC_ROCK_VOUCHER_10500,SEASHELLS,9,2
4400,SUBMISSION,,VOLCANIC_ROCK_VOUCHER_9500,SEASHELLS,717,18
4400,SUBMISSION,,VOLCANIC_ROCK_VOUCHER_9500,SEASHELLS,717,2
4400,SUBMISSION,,VOLCANIC_ROCK_VOUCHER_9750,SEASHELLS,468,18
4400,SUBMISSION,,VOLCANIC_ROCK_VOUCHER_9750,SEASHELLS,468,2
4500,SUBMISSION,,SQUID_INK,SEASHELLS,1804,15
4500,SUBMISSION,,VOLCANIC_ROCK_VOUCHER_10000,SEASHELLS,232,10
4500,SUBMISSION,,VOLCANIC_ROCK_VOUCHER_10000,SEASHELLS,232,1
4500,SUBMISSION,,VOLCANIC_ROCK_VOUCHER_10250,SEASHELLS,63,10
4500,SUBMISSION,,VOLCANIC_ROCK_VOUCHER_10250,SEASHELLS,63,1
4500,SUBMISSION,,VOLCANIC_ROCK_VOUCHER_9500,SEASHELLS,716,10
4500,SUBMISSION,,VOLCANIC_ROCK_VOUCHER_9500,SEASHELLS,716,1
4500,SUBMISSION,,VOLCANIC_ROCK_VOUCHER_9750,SEASHELLS,468,10
4500,SUBMISSION,,VOLCANIC_ROCK_VOUCHER_9750,SEASHELLS,468,1
4500,,,KELP,SEASHELLS,2044,1
4500,,,SQUID_INK,SEASHELLS,1801,1
4600,SUBMISSION,,VOLCANIC_ROCK_VOUCHER_10000,SEASHELLS,229,12
4600,SUBMISSION,,VOLCANIC_ROCK_VOUCHER_10000,SEASHELLS,229,2
4600,SUBMISSION,,VOLCANIC_ROCK_VOUCHER_10250,SEASHELLS,62,12
4600,SUBMISSION,,VOLCANIC_ROCK_VOUCHER_10250,SEASHELLS,62,2
4600,SUBMISSION,,VOLCANIC_ROCK_VOUCHER_9500,SEASHELLS,716,12
4600,SUBMISSION,,VOLCANIC_ROCK_VOUCHER_9500,SEASHELLS,716,2
4600,SUBMISSION,,VOLCANIC_ROCK_VOUCHER_9750,SEASHELLS,467,12
4600,SUBMISSION,,VOLCANIC_ROCK_VOUCHER_9750,SEASHELLS,467,2
4600,,,CROISSANTS,SEASHELLS,4268,8
4600,,,RAINFOREST_RESIN,SEASHELLS,10008,8
4700,SUBMISSION,,VOLCANIC_ROCK_VOUCHER_10000,SEASHELLS,229,19
4700,SUBMISSION,,VOLCANIC_ROCK_VOUCHER_10000,SEASHELLS,229,2
4700,SUBMISSION,,VOLCANIC_ROCK_VOUCHER_10250,SEASHELLS,62,19
4700,SUBMISSION,,VOLCANIC_ROCK_VOUCHER_10250,SEASHELLS,62,2
4700,SUBMISSION,,VOLCANIC_ROCK_VOUCHER_9500,SEASHELLS,715,19
4700,SUBMISSION,,VOLCANIC_ROCK_VOUCHER_9500,SEASHELLS,715,2
4700,SUBMISSION,,VOLCANIC_ROCK_VOUCHER_9750,SEASHELLS,466,19
4700,SUBMISSION,,VOLCANIC_ROCK_VOUCHER_9750,SEASHELLS,466,2
4800,SUBMISSION,,VOLCANIC_ROCK_VOUCHER_10000,SEASHELLS,232,17
4800,SUBMISSION,,VOLCANIC_ROCK_VOUCHER_10000,SEASHELLS,232,1
4800,SUBMISSION,,VOLCANIC_ROCK_VOUCHER_10250,SEASHELLS,63,17
4800,SUBMISSION,,VOLCANIC_ROCK_VOUCHER_10250,SEASHELLS,63,1
4800,SUBMISSION,,VOLCANIC_ROCK_VOUCHER_9500,SEASHELLS,717,17
4800,SUBMISSION,,VOLCANIC_ROCK_VOUCHER_9500,SEASHELLS,717,1
4800,SUBMISSION,,VOLCANIC_ROCK_VOUCHER_9750,SEASHELLS,468,17
4800,SUBMISSION,,VOLCANIC_ROCK_VOUCHER_9750,SEASHELLS,468,1
4900,,SUBMISSION,RAINFOREST_RESIN,SEASHELLS,10001,1
4900,SUBMISSION,,VOLCANIC_ROCK_VOUCHER_10000,SEASHELLS,230,13
4900,SUBMISSION,,VOLCANIC_ROCK_VOUCHER_10000,SEASHELLS,230,2
4900,SUBMISSION,,VOLCANIC_ROCK_VOUCHER_10250,SEASHELLS,63,13
4900,SUBMISSION,,VOLCANIC_ROCK_VOUCHER_10250,SEASHELLS,63,2
4900,SUBMISSION,,VOLCANIC_ROCK_VOUCHER_9500,SEASHELLS,717,13
4900,SUBMISSION,,VOLCANIC_ROCK_VOUCHER_9500,SEASHELLS,717,2
4900,SUBMISSION,,VOLCANIC_ROCK_VOUCHER_9750,SEASHELLS,467,13
4900,SUBMISSION,,VOLCANIC_ROCK_VOUCHER_9750,SEASHELLS,467,2
4900,,,CROISSANTS,SEASHELLS,4267,5
5000,,SUBMISSION,KELP,SEASHELLS,2046,1
5000,,SUBMISSION,RAINFOREST_RESIN,SEASHELLS,10002,4
5000,SUBMISSION,,VOLCANIC_ROCK_VOUCHER_10000,SEASHELLS,228,14
5000,SUBMISSION,,VOLCANIC_ROCK_VOUCHER_10250,SEASHELLS,63,14
5000,SUBMISSION,,VOLCANIC_ROCK_VOUCHER_9500,SEASHELLS,717,14
5000,SUBMISSION,,VOLCANIC_ROCK_VOUCHER_9750,SEASHELLS,468,14
5100,SUBMISSION,,VOLCANIC_ROCK_VOUCHER_10000,SEASHELLS,231,14
5100,SUBMISSION,,VOLCANIC_ROCK_VOUCHER_10250,SEASHELLS,63,14
5100,SUBMISSION,,VOLCANIC_ROCK_VOUCHER_9500,SEASHELLS,716,14
5100,SUBMISSION,,VOLCANIC_ROCK_VOUCHER_9750,SEASHELLS,468,14
5100,,,KELP,SEASHELLS,2044,8
5100,,,RAINFOREST_RESIN,SEASHELLS,10000,2
5200,SUBMISSION,,RAINFOREST_RESIN,SEASHELLS,9998,3
5200,SUBMISSION,,VOLCANIC_ROCK_VOUCHER_10000,SEASHELLS,231,14
5300,,SUBMISSION,VOLCANIC_ROCK_VOUCHER_10000,SEASHELLS,233,19
5300,,SUBMISSION,VOLCANIC_ROCK_VOUCHER_10000,SEASHELLS,233,1
5300,,SUBMISSION,VOLCANIC_ROCK_VOUCHER_10250,SEASHELLS,63,19
5300,,SUBMISSION,VOLCANIC_ROCK_VOUCHER_10250,SEASHELLS,63,1
5300,,SUBMISSION,VOLCANIC_ROCK_VOUCHER_9500,SEASHELLS,718,19
5300,,SUBMISSION,VOLCANIC_ROCK_VOUCHER_9500,SEASHELLS,718,1
5300,,SUBMISSION,VOLCANIC_ROCK_VOUCHER_9750,SEASHELLS,469,19
5300,,SUBMISSION,VOLCANIC_ROCK_VOUCHER_9750,SEASHELLS,469,1
5300,,,KELP,SEASHELLS,2044,7
5300,,,RAINFOREST_RESIN,SEASHELLS,9992,7
5300,,,SQUID_INK,SEASHELLS,1804,7
5400,,SUBMISSION,VOLCANIC_ROCK,SEASHELLS,10220,103
5400,,SUBMISSION,VOLCANIC_ROCK,SEASHELLS,10219,46
5400,,SUBMISSION,VOLCANIC_ROCK_VOUCHER_10000,SEASHELLS,237,15
5400,,SUBMISSION,VOLCANIC_ROCK_VOUCHER_10250,SEASHELLS,64,15
5400,,SUBMISSION,VOLCANIC_ROCK_VOUCHER_9500,SEASHELLS,720,15
5400,,SUBMISSION,VOLCANIC_ROCK_VOUCHER_9750,SEASHELLS,471,15
5500,,SUBMISSION,VOLCANIC_ROCK,SEASHELLS,10221,129
5500,,SUBMISSION,VOLCANIC_ROCK,SEASHELLS,10220,57
5500,,SUBMISSION,VOLCANIC_ROCK_VOUCHER_10000,SEASHELLS,238,17
5500,,SUBMISSION,VOLCANIC_ROCK_VOUCHER_10000,SEASHELLS,238,1
5500,,SUBMISSION,VOLCANIC_ROCK_VOUCHER_10250,SEASHELLS,64,17
5500,,SUBMISSION,VOLCANIC_ROCK_VOUCHER_10250,SEASHELLS,64,1
5500,,SUBMISSION,VOLCANIC_ROCK_VOUCHER_10500,SEASHELLS,9,17
5500,,SUBMISSION,VOLCANIC_ROCK_VOUCHER_10500,SEASHELLS,9,1
5500,,SUBMISSION,VOLCANIC_ROCK_VOUCHER_9500,SEASHELLS,721,17
5500,,SUBMISSION,VOLCANIC_ROCK_VOUCHER_9500,SEASHELLS,721,1
5500,,SUBMISSION,VOLCANIC_ROCK_VOUCHER_9750,SEASHELLS,472,17
5500,,SUBMISSION,VOLCANIC_ROCK_VOUCHER_9750,SEASHELLS,472,1
5600,,SUBMISSION,VOLCANIC_ROCK,SEASHELLS,10221,113
5600,,SUBMISSION,VOLCANIC_ROCK,SEASHELLS,10220,80
5600,,SUBMISSION,VOLCANIC_ROCK_VOUCHER_10000,SEASHELLS,234,15
5600,,SUBMISSION,VOLCANIC_ROCK_VOUCHER_10250,SEASHELLS,64,15
5600,,SUBMISSION,VOLCANIC_ROCK_VOUCHER_10500,SEASHELLS,9,15
5600,,SUBMISSION,VOLCANIC_ROCK_VOUCHER_9500,SEASHELLS,722,15
5600,,SUBMISSION,VOLCANIC_ROCK_VOUCHER_9750,SEASHELLS,473,15
5700,SUBMISSION,,CROISSANTS,SEASHELLS,4267,39
5700,SUBMISSION,,DJEMBES,SEASHELLS,13422,27
5700,SUBMISSION,,DJEMBES,SEASHELLS,13422,50
5700,,SUBMISSION,SQUID_INK,SEASHELLS,1805,25
5700,,SUBMISSION,SQUID_INK,SEASHELLS,1805,1
5700,,SUBMISSION,VOLCANIC_ROCK,SEASHELLS,10221,128
5700,,SUBMISSION,VOLCANIC_ROCK,SEASHELLS,10220,80
5700,,SUBMISSION,VOLCANIC_ROCK_VOUCHER_10000,SEASHELLS,234,15
5700,,SUBMISSION,VOLCANIC_ROCK_VOUCHER_10000,SEASHELLS,234,1
5700,,SUBMISSION,VOLCANIC_ROCK_VOUCHER_10250,SEASHELLS,64,15
5700,,SUBMISSION,VOLCANIC_ROCK_VOUCHER_10250,SEASHELLS,64,1
5700,,SUBMISSION,VOLCANIC_ROCK_VOUCHER_10500,SEASHELLS,9,15
5700,,SUBMISSION,VOLCANIC_ROCK_VOUCHER_10500,SEASHELLS,9,1
5700,,SUBMISSION,VOLCANIC_ROCK_VOUCHER_9500,SEASHELLS,721,15
5700,,SUBMISSION,VOLCANIC_ROCK_VOUCHER_9500,SEASHELLS,721,1
5700,,SUBMISSION,VOLCANIC_ROCK_VOUCHER_9750,SEASHELLS,473,15
5700,,SUBMISSION,VOLCANIC_ROCK_VOUCHER_9750,SEASHELLS,473,1
5700,,,JAMS,SEASHELLS,6522,7
5700,,,KELP,SEASHELLS,2044,2
5800,SUBMISSION,,DJEMBES,SEASHELLS,13422,23
5800,SUBMISSION,,DJEMBES,SEASHELLS,13422,20
5800,,SUBMISSION,VOLCANIC_ROCK,SEASHELLS,10220,64
5800,,SUBMISSION,VOLCANIC_ROCK_VOUCHER_10000,SEASHELLS,236,19
5800,,SUBMISSION,VOLCANIC_ROCK_VOUCHER_10250,SEASHELLS,64,19
5800,,SUBMISSION,VOLCANIC_ROCK_VOUCHER_10500,SEASHELLS,9,19
5800,,SUBMISSION,VOLCANIC_ROCK_VOUCHER_9500,SEASHELLS,721,19
5800,,SUBMISSION,VOLCANIC_ROCK_VOUCHER_9750,SEASHELLS,472,19
5800,,,RAINFOREST_RESIN,SEASHELLS,9992,6
5900,SUBMISSION,,CROISSANTS,SEASHELLS,4267,64
5900,,SUBMISSION,SQUID_INK,SEASHELLS,1805,30
5900,,SUBMISSION,VOLCANIC_ROCK_VOUCHER_10000,SEASHELLS,234,15
5900,,SUBMISSION,VOLCANIC_ROCK_VOUCHER_10250,SEASHELLS,65,15
5900,,SUBMISSION,VOLCANIC_ROCK_VOUCHER_10500,SEASHELLS,9,15
5900,,SUBMISSION,VOLCANIC_ROCK_VOUCHER_9500,SEASHELLS,723,15
5900,,SUBMISSION,VOLCANIC_ROCK_VOUCHER_9750,SEASHELLS,474,15
5900,,,VOLCANIC_ROCK,SEASHELLS,10222,5
6000,SUBMISSION,,CROISSANTS,SEASHELLS,4267,57
6000,,SUBMISSION,SQUID_INK,SEASHELLS,1805,26
6000,,SUBMISSION,SQUID_INK,SEASHELLS,1805,2
6000,,SUBMISSION,VOLCANIC_ROCK_VOUCHER_10000,SEASHELLS,240,14
6000,,SUBMISSION,VOLCANIC_ROCK_VOUCHER_10000,SEASHELLS,240,2
6000,,SUBMISSION,VOLCANIC_ROCK_VOUCHER_10250,SEASHELLS,66,14
6000,,SUBMISSION,VOLCANIC_ROCK_VOUCHER_10250,SEASHELLS,66,2
6000,,SUBMISSION,VOLCANIC_ROCK_VOUCHER_10500,SEASHELLS,9,14
6000,,SUBMISSION,VOLCANIC_ROCK_VOUCHER_10500,SEASHELLS,9,2
6000,,SUBMISSION,VOLCANIC_ROCK_VOUCHER_9500,SEASHELLS,724,14
6000,,SUBMISSION,VOLCANIC_ROCK_VOUCHER_9500,SEASHELLS,724,2
6000,,SUBMISSION,VOLCANIC_ROCK_VOUCHER_9750,SEASHELLS,476,14
6000,,SUBMISSION,VOLCANIC_ROCK_VOUCHER_9750,SEASHELLS,476,2
6000,,,RAINFOREST_RESIN,SEASHELLS,9992,4
6100,SUBMISSION,,CROISSANTS,SEASHELLS,4267,50
6100,SUBMISSION,,CROISSANTS,SEASHELLS,4267,51
6100,,SUBMISSION,SQUID_INK,SEASHELLS,1805,16
6100,,SUBMISSION,VOLCANIC_ROCK_VOUCHER_10000,SEASHELLS,236,13
6100,,SUBMISSION,VOLCANIC_ROCK_VOUCHER_10000,SEASHELLS,236,1
6100,,SUBMISSION,VOLCANIC_ROCK_VOUCHER_10250,SEASHELLS,65,13
6100,,SUBMISSION,VOLCANIC_ROCK_VOUCHER_10250,SEASHELLS,65,1
6100,,SUBMISSION,VOLCANIC_ROCK_VOUCHER_10500,SEASHELLS,9,13
6100,,SUBMISSION,VOLCANIC_ROCK_VOUCHER_10500,SEASHELLS,9,1
6100,,SUBMISSION,VOLCANIC_ROCK_VOUCHER_9500,SEASHELLS,724,13
6100,,SUBMISSION,VOLCANIC_ROCK_VOUCHER_9500,SEASHELLS,724,1
6100,,SUBMISSION,VOLCANIC_ROCK_VOUCHER_9750,SEASHELLS,475,13
6100,,SUBMISSION,VOLCANIC_ROCK_VOUCHER_9750,SEASHELLS,475,1
6100,,,CROISSANTS,SEASHELLS,4266,7
6200,,SUBMISSION,VOLCANIC_ROCK_VOUCHER_10000,SEASHELLS,239,12
6200,,SUBMISSION,VOLCANIC_ROCK_VOUCHER_10000,SEASHELLS,239,1
6200,,SUBMISSION,VOLCANIC_ROCK_VOUCHER_10250,SEASHELLS,66,12
6200,,SUBMISSION,VOLCANIC_ROCK_VOUCHER_10250,SEASHELLS,66,1
6200,,SUBMISSION,VOLCANIC_ROCK_VOUCHER_10500,SEASHELLS,9,12
6200,,SUBMISSION,VOLCANIC_ROCK_VOUCHER_10500,SEASHELLS,9,1
6200,,SUBMISSION,VOLCANIC_ROCK_VOUCHER_9500,SEASHELLS,726,12
6200,,SUBMISSION,VOLCANIC_ROCK_VOUCHER_9500,SEASHELLS,726,1
6200,,SUBMISSION,VOLCANIC_ROCK_VOUCHER_9750,SEASHELLS,477,12
6200,,SUBMISSION,VOLCANIC_ROCK_VOUCHER_9750,SEASHELLS,477,1
6300,,SUBMISSION,VOLCANIC_ROCK_VOUCHER_10000,SEASHELLS,242,12
6300,,SUBMISSION,VOLCANIC_ROCK_VOUCHER_10000,SEASHELLS,242,2
6300,,SUBMISSION,VOLCANIC_ROCK_VOUCHER_10250,SEASHELLS,67,12
6300,,SUBMISSION,VOLCANIC_ROCK_VOUCHER_10250,SEASHELLS,67,2
6300,,SUBMISSION,VOLCANIC_ROCK_VOUCHER_10500,SEASHELLS,9,12
6300,,SUBMISSION,VOLCANIC_ROCK_VOUCHER_10500,SEASHELLS,9,2
6300,,SUBMISSION,VOLCANIC_ROCK_VOUCHER_9500,SEASHELLS,728,12
6300,,SUBMISSION,VOLCANIC_ROCK_VOUCHER_9500,SEASHELLS,728,2
6300,,SUBMISSION,VOLCANIC_ROCK_VOUCHER_9750,SEASHELLS,478,12
6300,,SUBMISSION,VOLCANIC_ROCK_VOUCHER_9750,SEASHELLS,478,2
6300,,,KELP,SEASHELLS,2044,10
6300,,,KELP,SEASHELLS,2044,1
6300,,,RAINFOREST_RESIN,SEASHELLS,10008,4
6300,,,SQUID_INK,SEASHELLS,1806,10
6300,,,SQUID_INK,SEASHELLS,1806,1
6400,,SUBMISSION,VOLCANIC_ROCK_VOUCHER_10000,SEASHELLS,238,18
6400,,SUBMISSION,VOLCANIC_ROCK_VOUCHER_10000,SEASHELLS,238,1
6400,,SUBMISSION,VOLCANIC_ROCK_VOUCHER_10250,SEASHELLS,66,18
6400,,SUBMISSION,VOLCANIC_ROCK_VOUCHER_10250,SEASHELLS,66,1
6400,,SUBMISSION,VOLCANIC_ROCK_VOUCHER_9500,SEASHELLS,726,18
6400,,SUBMISSION,VOLCANIC_ROCK_VOUCHER_9500,SEASHELLS,726,1
6400,,SUBMISSION,VOLCANIC_ROCK_VOUCHER_9750,SEASHELLS,477,18
6400,,SUBMISSION,VOLCANIC_ROCK_VOUCHER_9750,SEASHELLS,477,1
6400,,,KELP,SEASHELLS,2044,1
6400,,,SQUID_INK,SEASHELLS,1806,1
6500,,SUBMISSION,VOLCANIC_ROCK_VOUCHER_10000,SEASHELLS,242,18
6500,,SUBMISSION,VOLCANIC_ROCK_VOUCHER_10250,SEASHELLS,67,18
6500,,SUBMISSION,VOLCANIC_ROCK_VOUCHER_9500,SEASHELLS,728,18
6500,,SUBMISSION,VOLCANIC_ROCK_VOUCHER_9750,SEASHELLS,480,18
6600,,SUBMISSION,PICNIC_BASKET1,SEASHELLS,58719,1
6600,,SUBMISSION,PICNIC_BASKET1,SEASHELLS,58718,14
6600,,SUBMISSION,PICNIC_BASKET1,SEASHELLS,58717,29
6600,,SUBMISSION,VOLCANIC_ROCK_VOUCHER_10000,SEASHELLS,238,14
6600,,SUBMISSION,VOLCANIC_ROCK_VOUCHER_10000,SEASHELLS,238,1
6600,,SUBMISSION,VOLCANIC_ROCK_VOUCHER_10250,SEASHELLS,67,14
6600,,SUBMISSION,VOLCANIC_ROCK_VOUCHER_10250,SEASHELLS,67,1
6600,,SUBMISSION,VOLCANIC_ROCK_VOUCHER_9500,SEASHELLS,728,14
6600,,SUBMISSION,VOLCANIC_ROCK_VOUCHER_9500,SEASHELLS,728,1
6600,,SUBMISSION,VOLCANIC_ROCK_VOUCHER_9750,SEASHELLS,479,14
6600,,SUBMISSION,VOLCANIC_ROCK_VOUCHER_9750,SEASHELLS,479,1
6600,,,CROISSANTS,SEASHELLS,4265,8
6700,,SUBMISSION,PICNIC_BASKET1,SEASHELLS,58722,15
6700,,SUBMISSION,PICNIC_BASKET1,SEASHELLS,58721,15
6700,SUBMISSION,,RAINFOREST_RESIN,SEASHELLS,9998,3
6700,,SUBMISSION,VOLCANIC_ROCK_VOUCHER_10000,SEASHELLS,241,15
6700,,SUBMISSION,VOLCANIC_ROCK_VOUCHER_10250,SEASHELLS,66,15
6700,,SUBMISSION,VOLCANIC_ROCK_VOUCHER_9500,SEASHELLS,726,15
6700,,SUBMISSION,VOLCANIC_ROCK_VOUCHER_9750,SEASHELLS,478,15
6700,,,DJEMBES,SEASHELLS,13416,4
6800,,SUBMISSION,KELP,SEASHELLS,2046,5
6800,,SUBMISSION,PICNIC_BASKET1,SEASHELLS,58719,2
6800,,SUBMISSION,PICNIC_BASKET1,SEASHELLS,58718,11
6800,,SUBMISSION,PICNIC_BASKET1,SEASHELLS,58717,22
6800,,SUBMISSION,VOLCANIC_ROCK_VOUCHER_10000,SEASHELLS,242,11
6800,,SUBMISSION,VOLCANIC_ROCK_VOUCHER_10000,SEASHELLS,242,2
6800,,SUBMISSION,VOLCANIC_ROCK_VOUCHER_10250,SEASHELLS,66,11
6800,,SUBMISSION,VOLCANIC_ROCK_VOUCHER_10250,SEASHELLS,66,2
6800,,SUBMISSION,VOLCANIC_ROCK_VOUCHER_9500,SEASHELLS,725,11
6800,,SUBMISSION,VOLCANIC_ROCK_VOUCHER_9500,SEASHELLS,725,2
6800,,SUBMISSION,VOLCANIC_ROCK_VOUCHER_9750,SEASHELLS,477,11
6800,,SUBMISSION,VOLCANIC_ROCK_VOUCHER_9750,SEASHELLS,477,2
6900,,SUBMISSION,PICNIC_BASKET1,SEASHELLS,58719,2
6900,,SUBMISSION,PICNIC_BASKET1,SEASHELLS,58718,9
6900,,SUBMISSION,VOLCANIC_ROCK_VOUCHER_10000,SEASHELLS,238,11
6900,,SUBMISSION,VOLCANIC_ROCK_VOUCHER_10000,SEASHELLS,238,2
6900,,SUBMISSION,VOLCANIC_ROCK_VOUCHER_9500,SEASHELLS,724,11
6900,,SUBMISSION,VOLCANIC_ROCK_VOUCHER_9500,SEASHELLS,724,2
6900,,SUBMISSION,VOLCANIC_ROCK_VOUCHER_9750,SEASHELLS,476,11
6900,,SUBMISSION,VOLCANIC_ROCK_VOUCHER_9750,SEASHELLS,476,2
6900,,,CROISSANTS,SEASHELLS,4265,7
6900,,,RAINFOREST_RESIN,SEASHELLS,10008,1
7000,,SUBMISSION,VOLCANIC_ROCK_VOUCHER_10000,SEASHELLS,240,2
7000,,SUBMISSION,VOLCANIC_ROCK_VOUCHER_10000,SEASHELLS,239,17
7000,,SUBMISSION,VOLCANIC_ROCK_VOUCHER_10250,SEASHELLS,66,17
7000,,SUBMISSION,VOLCANIC_ROCK_VOUCHER_10250,SEASHELLS,66,2
7000,,SUBMISSION,VOLCANIC_ROCK_VOUCHER_9500,SEASHELLS,724,17
7000,,SUBMISSION,VOLCANIC_ROCK_VOUCHER_9500,SEASHELLS,724,2
7000,,SUBMISSION,VOLCANIC_ROCK_VOUCHER_9750,SEASHELLS,476,4
7100,,SUBMISSION,PICNIC_BASKET2,SEASHELLS,30093,6
7100,,SUBMISSION,PICNIC_BASKET2,SEASHELLS,30091,2
7100,,SUBMISSION,VOLCANIC_ROCK_VOUCHER_10000,SEASHELLS,240,10
7100,,SUBMISSION,VOLCANIC_ROCK_VOUCHER_10000,SEASHELLS,240,2
7100,,SUBMISSION,VOLCANIC_ROCK_VOUCHER_10000,SEASHELLS,240,7
7100,,SUBMISSION,VOLCANIC_ROCK_VOUCHER_10250,SEASHELLS,66,10
7100,,SUBMISSION,VOLCANIC_ROCK_VOUCHER_10250,SEASHELLS,66,2
7100,,SUBMISSION,VOLCANIC_ROCK_VOUCHER_10250,SEASHELLS,66,7
7100,,SUBMISSION,VOLCANIC_ROCK_VOUCHER_9500,SEASHELLS,726,4
7200,,SUBMISSION,CROISSANTS,SEASHELLS,4267,59
7200,,SUBMISSION,CROISSANTS,SEASHELLS,4267,94
7200,,SUBMISSION,PICNIC_BASKET2,SEASHELLS,30092,1
7200,,SUBMISSION,PICNIC_BASKET2,SEASHELLS,30091,30
7200,,SUBMISSION,PICNIC_BASKET2,SEASHELLS,30091,11
7200,,SUBMISSION,VOLCANIC_ROCK_VOUCHER_10000,SEASHELLS,239,11
7200,,SUBMISSION,VOLCANIC_ROCK_VOUCHER_10000,SEASHELLS,239,1
7200,,SUBMISSION,VOLCANIC_ROCK_VOUCHER_10250,SEASHELLS,67,3
7200,,,CROISSANTS,SEASHELLS,4267,4
7300,,SUBMISSION,CROISSANTS,SEASHELLS,4268,42
7300,,SUBMISSION,CROISSANTS,SEASHELLS,4267,54
7300,,SUBMISSION,PICNIC_BASKET2,SEASHELLS,30093,27
7300,,SUBMISSION,PICNIC_BASKET2,SEASHELLS,30093,17
7300,,SUBMISSION,RAINFOREST_RESIN,SEASHELLS,10002,4
7300,,SUBMISSION,VOLCANIC_ROCK_VOUCHER_10000,SEASHELLS,240,17
7300,,SUBMISSION,VOLCANIC_ROCK_VOUCHER_10000,SEASHELLS,240,12
7400,,SUBMISSION,CROISSANTS,SEASHELLS,4268,53
7400,,SUBMISSION,CROISSANTS,SEASHELLS,4267,78
7400,,SUBMISSION,PICNIC_BASKET2,SEASHELLS,30093,1
7400,,SUBMISSION,PICNIC_BASKET2,SEASHELLS,30092,17
7400,,SUBMISSION,PICNIC_BASKET2,SEASHELLS,30092,16
7400,,SUBMISSION,VOLCANIC_ROCK_VOUCHER_10000,SEASHELLS,241,16
7400,,SUBMISSION,VOLCANIC_ROCK_VOUCHER_10000,SEASHELLS,241,1
7500,,SUBMISSION,CROISSANTS,SEASHELLS,4267,35
7500,,SUBMISSION,CROISSANTS,SEASHELLS,4267,81
7500,SUBMISSION,,KELP,SEASHELLS,2045,5
7500,,SUBMISSION,PICNIC_BASKET2,SEASHELLS,30092,11
7500,,SUBMISSION,PICNIC_BASKET2,SEASHELLS,30092,2
7500,,SUBMISSION,PICNIC_BASKET2,SEASHELLS,30092,0
7500,,SUBMISSION,PICNIC_BASKET2,SEASHELLS,30091,21
7500,,,SQUID_INK,SEASHELLS,1809,5
7500,,,VOLCANIC_ROCK,SEASHELLS,10229,6
7600,,SUBMISSION,CROISSANTS,SEASHELLS,4267,4
7600,,SUBMISSION,PICNIC_BASKET2,SEASHELLS,30094,2
7600,,SUBMISSION,PICNIC_BASKET2,SEASHELLS,30093,21
7600,,SUBMISSION,PICNIC_BASKET2,SEASHELLS,30093,15
7600,SUBMISSION,,VOLCANIC_ROCK_VOUCHER_10000,SEASHELLS,239,18
7600,SUBMISSION,,VOLCANIC_ROCK_VOUCHER_10000,SEASHELLS,239,2
7700,,SUBMISSION,VOLCANIC_ROCK_VOUCHER_10000,SEASHELLS,241,20
7700,,SUBMISSION,VOLCANIC_ROCK_VOUCHER_10000,SEASHELLS,241,2
7700,,,KELP,SEASHELLS,2046,1
7700,,,SQUID_INK,SEASHELLS,1810,1
7800,,SUBMISSION,RAINFOREST_RESIN,SEASHELLS,10002,5
7800,,SUBMISSION,VOLCANIC_ROCK_VOUCHER_10000,SEASHELLS,240,12
7800,,SUBMISSION,VOLCANIC_ROCK_VOUCHER_10000,SEASHELLS,240,2
7800,,,DJEMBES,SEASHELLS,13410,4
7900,SUBMISSION,,KELP,SEASHELLS,2045,3
7900,,SUBMISSION,VOLCANIC_ROCK_VOUCHER_10000,SEASHELLS,244,8
8000,,SUBMISSION,KELP,SEASHELLS,2046,4
8000,,,KELP,SEASHELLS,2046,1
8000,,,KELP,SEASHELLS,2047,2
8000,,,SQUID_INK,SEASHELLS,1810,1
8000,,,SQUID_INK,SEASHELLS,1811,2
8100,,,KELP,SEASHELLS,2044,1
8100,,,SQUID_INK,SEASHELLS,1808,1
8200,SUBMISSION,,JAMS,SEASHELLS,6525,70
8200,SUBMISSION,,JAMS,SEASHELLS,6526,114
8200,SUBMISSION,,PICNIC_BASKET1,SEASHELLS,58728,19
8200,SUBMISSION,,PICNIC_BASKET1,SEASHELLS,58728,1
8200,SUBMISSION,,SQUID_INK,SEASHELLS,1808,27
8200,SUBMISSION,,SQUID_INK,SEASHELLS,1808,1
8200,,,RAINFOREST_RESIN,SEASHELLS,10008,2
8300,SUBMISSION,,JAMS,SEASHELLS,6525,80
8300,SUBMISSION,,JAMS,SEASHELLS,6526,190
8400,SUBMISSION,,JAMS,SEASHELLS,6525,52
8400,SUBMISSION,,JAMS,SEASHELLS,6525,127
8500,SUBMISSION,,JAMS,SEASHELLS,6525,64
8500,,SUBMISSION,PICNIC_BASKET1,SEASHELLS,58731,16
8500,,SUBMISSION,PICNIC_BASKET1,SEASHELLS,58731,2
8600,SUBMISSION,,JAMS,SEASHELLS,6525,3
8600,,SUBMISSION,PICNIC_BASKET1,SEASHELLS,58745,2
8600,,,DJEMBES,SEASHELLS,13410,2
8700,SUBMISSION,,VOLCANIC_ROCK_VOUCHER_10000,SEASHELLS,240,19
8700,SUBMISSION,,VOLCANIC_ROCK_VOUCHER_10000,SEASHELLS,240,2
8700,SUBMISSION,,VOLCANIC_ROCK_VOUCHER_10250,SEASHELLS,68,19
8700,SUBMISSION,,VOLCANIC_ROCK_VOUCHER_10250,SEASHELLS,68,2
8700,SUBMISSION,,VOLCANIC_ROCK_VOUCHER_9750,SEASHELLS,480,19
8700,SUBMISSION,,VOLCANIC_ROCK_VOUCHER_9750,SEASHELLS,480,2
8700,,,RAINFOREST_RESIN,SEASHELLS,9992,2
8800,,SUBMISSION,KELP,SEASHELLS,2046,10
8800,SUBMISSION,,RAINFOREST_RESIN,SEASHELLS,9997,7
8800,,SUBMISSION,SQUID_INK,SEASHELLS,1812,10
8800,,SUBMISSION,SQUID_INK,SEASHELLS,1810,18
8800,,SUBMISSION,VOLCANIC_ROCK_VOUCHER_10000,SEASHELLS,242,10
8800,,SUBMISSION,VOLCANIC_ROCK_VOUCHER_10000,SEASHELLS,242,2
8800,SUBMISSION,,VOLCANIC_ROCK_VOUCHER_10250,SEASHELLS,68,10
8800,SUBMISSION,,VOLCANIC_ROCK_VOUCHER_10250,SEASHELLS,68,2
8800,SUBMISSION,,VOLCANIC_ROCK_VOUCHER_9500,SEASHELLS,729,10
8800,SUBMISSION,,VOLCANIC_ROCK_VOUCHER_9500,SEASHELLS,729,2
8800,SUBMISSION,,VOLCANIC_ROCK_VOUCHER_9750,SEASHELLS,480,10
8800,SUBMISSION,,VOLCANIC_ROCK_VOUCHER_9750,SEASHELLS,480,2
8800,,,RAINFOREST_RESIN,SEASHELLS,9997,4
8800,,,RAINFOREST_RESIN,SEASHELLS,9992,1
8900,SUBMISSION,,RAINFOREST_RESIN,SEASHELLS,9998,3
8900,SUBMISSION,,VOLCANIC_ROCK,SEASHELLS,10229,134
8900,SUBMISSION,,VOLCANIC_ROCK_VOUCHER_10000,SEASHELLS,241,12
8900,SUBMISSION,,VOLCANIC_ROCK_VOUCHER_10000,SEASHELLS,241,1
8900,SUBMISSION,,VOLCANIC_ROCK_VOUCHER_10250,SEASHELLS,68,12
8900,SUBMISSION,,VOLCANIC_ROCK_VOUCHER_10250,SEASHELLS,68,1
8900,SUBMISSION,,VOLCANIC_ROCK_VOUCHER_9500,SEASHELLS,729,12
8900,SUBMISSION,,VOLCANIC_ROCK_VOUCHER_9500,SEASHELLS,729,1
8900,SUBMISSION,,VOLCANIC_ROCK_VOUCHER_9750,SEASHELLS,480,12
8900,SUBMISSION,,VOLCANIC_ROCK_VOUCHER_9750,SEASHELLS,480,1
9000,SUBMISSION,,VOLCANIC_ROCK,SEASHELLS,10229,122
9000,SUBMISSION,,VOLCANIC_ROCK_VOUCHER_10000,SEASHELLS,241,20
9000,SUBMISSION,,VOLCANIC_ROCK_VOUCHER_10250,SEASHELLS,68,20
9000,SUBMISSION,,VOLCANIC_ROCK_VOUCHER_9500,SEASHELLS,729,20
9000,SUBMISSION,,VOLCANIC_ROCK_VOUCHER_9750,SEASHELLS,480,20
9100,,SUBMISSION,RAINFOREST_RESIN,SEASHELLS,10002,3
9100,SUBMISSION,,VOLCANIC_ROCK,SEASHELLS,10229,134
9100,,SUBMISSION,VOLCANIC_ROCK_VOUCHER_10000,SEASHELLS,243,16
9100,,SUBMISSION,VOLCANIC_ROCK_VOUCHER_10000,SEASHELLS,243,1
9100,SUBMISSION,,VOLCANIC_ROCK_VOUCHER_10250,SEASHELLS,68,16
9100,SUBMISSION,,VOLCANIC_ROCK_VOUCHER_10250,SEASHELLS,68,1
9100,,,KELP,SEASHELLS,2044,1
9100,,,RAINFOREST_RESIN,SEASHELLS,10002,1
9100,,,SQUID_INK,SEASHELLS,1809,1
9200,,SUBMISSION,DJEMBES,SEASHELLS,13415,18
9200,,SUBMISSION,DJEMBES,SEASHELLS,13415,41
9200,SUBMISSION,,RAINFOREST_RESIN,SEASHELLS,9998,5
9200,SUBMISSION,,VOLCANIC_ROCK,SEASHELLS,10227,148
9200,SUBMISSION,,VOLCANIC_ROCK,SEASHELLS,10228,76
9200,SUBMISSION,,VOLCANIC_ROCK_VOUCHER_10250,SEASHELLS,68,18
9200,SUBMISSION,,VOLCANIC_ROCK_VOUCHER_10250,SEASHELLS,68,2
9200,SUBMISSION,,VOLCANIC_ROCK_VOUCHER_9500,SEASHELLS,728,18
9200,SUBMISSION,,VOLCANIC_ROCK_VOUCHER_9500,SEASHELLS,728,2
9200,SUBMISSION,,VOLCANIC_ROCK_VOUCHER_9750,SEASHELLS,479,18
9200,SUBMISSION,,VOLCANIC_ROCK_VOUCHER_9750,SEASHELLS,479,2
9300,,SUBMISSION,DJEMBES,SEASHELLS,13415,19
9300,,SUBMISSION,DJEMBES,SEASHELLS,13415,42
9300,SUBMISSION,,VOLCANIC_ROCK,SEASHELLS,10226,109
9300,SUBMISSION,,VOLCANIC_ROCK,SEASHELLS,10227,70
9300,SUBMISSION,,VOLCANIC_ROCK_VOUCHER_10000,SEASHELLS,238,16
9300,SUBMISSION,,VOLCANIC_ROCK_VOUCHER_10000,SEASHELLS,238,1
9300,SUBMISSION,,VOLCANIC_ROCK_VOUCHER_10250,SEASHELLS,67,16
9300,SUBMISSION,,VOLCANIC_ROCK_VOUCHER_10250,SEASHELLS,67,1
9300,SUBMISSION,,VOLCANIC_ROCK_VOUCHER_9500,SEASHELLS,726,16
9300,SUBMISSION,,VOLCANIC_ROCK_VOUCHER_9500,SEASHELLS,726,1
9300,SUBMISSION,,VOLCANIC_ROCK_VOUCHER_9750,SEASHELLS,478,16
9300,SUBMISSION,,VOLCANIC_ROCK_VOUCHER_9750,SEASHELLS,478,1
9400,SUBMISSION,,VOLCANIC_ROCK,SEASHELLS,10223,7
9400,SUBMISSION,,VOLCANIC_ROCK_VOUCHER_10000,SEASHELLS,235,19
9400,SUBMISSION,,VOLCANIC_ROCK_VOUCHER_10000,SEASHELLS,235,2
9400,SUBMISSION,,VOLCANIC_ROCK_VOUCHER_10250,SEASHELLS,66,19
9400,SUBMISSION,,VOLCANIC_ROCK_VOUCHER_10250,SEASHELLS,66,2
9400,SUBMISSION,,VOLCANIC_ROCK_VOUCHER_9500,SEASHELLS,724,19
9400,SUBMISSION,,VOLCANIC_ROCK_VOUCHER_9500,SEASHELLS,724,2
9400,SUBMISSION,,VOLCANIC_ROCK_VOUCHER_9750,SEASHELLS,475,19
9400,SUBMISSION,,VOLCANIC_ROCK_VOUCHER_9750,SEASHELLS,475,2
9400,,,VOLCANIC_ROCK_VOUCHER_10000,SEASHELLS,234,19
9400,,,VOLCANIC_ROCK_VOUCHER_10000,SEASHELLS,234,1
9400,,,VOLCANIC_ROCK_VOUCHER_10250,SEASHELLS,65,19
9400,,,VOLCANIC_ROCK_VOUCHER_10250,SEASHELLS,65,1
9400,,,VOLCANIC_ROCK_VOUCHER_10500,SEASHELLS,9,19
9400,,,VOLCANIC_ROCK_VOUCHER_10500,SEASHELLS,9,1
9400,,,VOLCANIC_ROCK_VOUCHER_9500,SEASHELLS,722,19
9400,,,VOLCANIC_ROCK_VOUCHER_9500,SEASHELLS,722,1
9400,,,VOLCANIC_ROCK_VOUCHER_9750,SEASHELLS,474,19
9400,,,VOLCANIC_ROCK_VOUCHER_9750,SEASHELLS,474,1
9500,SUBMISSION,,VOLCANIC_ROCK_VOUCHER_10000,SEASHELLS,238,18
9500,SUBMISSION,,VOLCANIC_ROCK_VOUCHER_10000,SEASHELLS,238,2
9500,SUBMISSION,,VOLCANIC_ROCK_VOUCHER_10250,SEASHELLS,66,18
9500,SUBMISSION,,VOLCANIC_ROCK_VOUCHER_10250,SEASHELLS,66,2
9500,SUBMISSION,,VOLCANIC_ROCK_VOUCHER_9500,SEASHELLS,725,18
9500,SUBMISSION,,VOLCANIC_ROCK_VOUCHER_9500,SEASHELLS,725,2
9500,SUBMISSION,,VOLCANIC_ROCK_VOUCHER_9750,SEASHELLS,476,18
9500,SUBMISSION,,VOLCANIC_ROCK_VOUCHER_9750,SEASHELLS,476,2
9500,,,CROISSANTS,SEASHELLS,4269,6
9600,SUBMISSION,,KELP,SEASHELLS,2045,3
9600,SUBMISSION,,PICNIC_BASKET2,SEASHELLS,30097,17
9600,SUBMISSION,,PICNIC_BASKET2,SEASHELLS,30097,11
9600,SUBMISSION,,RAINFOREST_RESIN,SEASHELLS,9999,1
9600,SUBMISSION,,SQUID_INK,SEASHELLS,1808,1
9600,SUBMISSION,,SQUID_INK,SEASHELLS,1808,3
9600,SUBMISSION,,SQUID_INK,SEASHELLS,1808,0
9600,SUBMISSION,,SQUID_INK,SEASHELLS,1809,3
9600,SUBMISSION,,VOLCANIC_ROCK_VOUCHER_10000,SEASHELLS,237,11
9600,SUBMISSION,,VOLCANIC_ROCK_VOUCHER_10250,SEASHELLS,65,11
9600,SUBMISSION,,VOLCANIC_ROCK_VOUCHER_9500,SEASHELLS,723,11
9600,SUBMISSION,,VOLCANIC_ROCK_VOUCHER_9750,SEASHELLS,474,11
9600,,,KELP,SEASHELLS,2044,1
9700,SUBMISSION,,KELP,SEASHELLS,2045,2
9700,SUBMISSION,,PICNIC_BASKET2,SEASHELLS,30094,15
9700,SUBMISSION,,PICNIC_BASKET2,SEASHELLS,30094,13
9700,SUBMISSION,,PICNIC_BASKET2,SEASHELLS,30094,2
9700,SUBMISSION,,SQUID_INK,SEASHELLS,1806,2
9700,SUBMISSION,,SQUID_INK,SEASHELLS,1808,20
9700,SUBMISSION,,SQUID_INK,SEASHELLS,1808,2
9700,SUBMISSION,,VOLCANIC_ROCK_VOUCHER_10000,SEASHELLS,239,13
9700,SUBMISSION,,VOLCANIC_ROCK_VOUCHER_10000,SEASHELLS,239,2
9700,SUBMISSION,,VOLCANIC_ROCK_VOUCHER_10250,SEASHELLS,67,13
9700,SUBMISSION,,VOLCANIC_ROCK_VOUCHER_10250,SEASHELLS,67,2
9700,SUBMISSION,,VOLCANIC_ROCK_VOUCHER_9500,SEASHELLS,726,13
9700,SUBMISSION,,VOLCANIC_ROCK_VOUCHER_9500,SEASHELLS,726,2
9700,SUBMISSION,,VOLCANIC_ROCK_VOUCHER_9750,SEASHELLS,478,13
9700,SUBMISSION,,VOLCANIC_ROCK_VOUCHER_9750,SEASHELLS,478,2
9700,,,KELP,SEASHELLS,2044,1
9700,,,SQUID_INK,SEASHELLS,1805,1
9800,SUBMISSION,,PICNIC_BASKET2,SEASHELLS,30088,3
9800,SUBMISSION,,PICNIC_BASKET2,SEASHELLS,30091,13
9800,SUBMISSION,,PICNIC_BASKET2,SEASHELLS,30092,27
9800,SUBMISSION,,RAINFOREST_RESIN,SEASHELLS,9998,3
9800,SUBMISSION,,SQUID_INK,SEASHELLS,1809,21
9800,SUBMISSION,,VOLCANIC_ROCK_VOUCHER_10000,SEASHELLS,238,13
9800,SUBMISSION,,VOLCANIC_ROCK_VOUCHER_10250,SEASHELLS,66,13
9800,SUBMISSION,,VOLCANIC_ROCK_VOUCHER_9500,SEASHELLS,723,13
9800,SUBMISSION,,VOLCANIC_ROCK_VOUCHER_9750,SEASHELLS,475,13
9900,SUBMISSION,,PICNIC_BASKET2,SEASHELLS,30094,12
9900,SUBMISSION,,PICNIC_BASKET2,SEASHELLS,30094,1
9900,SUBMISSION,,PICNIC_BASKET2,SEASHELLS,30094,0
9900,SUBMISSION,,PICNIC_BASKET2,SEASHELLS,30095,26
9900,SUBMISSION,,SQUID_INK,SEASHELLS,1808,21
9900,SUBMISSION,,SQUID_INK,SEASHELLS,1808,1
9900,SUBMISSION,,VOLCANIC_ROCK_VOUCHER_10000,SEASHELLS,237,12
9900,SUBMISSION,,VOLCANIC_ROCK_VOUCHER_10000,SEASHELLS,237,1
9900,SUBMISSION,,VOLCANIC_ROCK_VOUCHER_10250,SEASHELLS,67,12
9900,SUBMISSION,,VOLCANIC_ROCK_VOUCHER_10250,SEASHELLS,67,1
9900,SUBMISSION,,VOLCANIC_ROCK_VOUCHER_9500,SEASHELLS,725,12
9900,SUBMISSION,,VOLCANIC_ROCK_VOUCHER_9500,SEASHELLS,725,1
9900,SUBMISSION,,VOLCANIC_ROCK_VOUCHER_9750,SEASHELLS,476,12
9900,SUBMISSION,,VOLCANIC_ROCK_VOUCHER_9750,SEASHELLS,476,1
9900,,,DJEMBES,SEASHELLS,13415,1
10000,SUBMISSION,,PICNIC_BASKET2,SEASHELLS,30089,2
10000,SUBMISSION,,PICNIC_BASKET2,SEASHELLS,30090,16
10000,SUBMISSION,,PICNIC_BASKET2,SEASHELLS,30090,12
10000,SUBMISSION,,VOLCANIC_ROCK_VOUCHER_10000,SEASHELLS,237,12
10000,SUBMISSION,,VOLCANIC_ROCK_VOUCHER_10000,SEASHELLS,237,2
10000,SUBMISSION,,VOLCANIC_ROCK_VOUCHER_10250,SEASHELLS,66,12
10000,SUBMISSION,,VOLCANIC_ROCK_VOUCHER_10250,SEASHELLS,66,2
10000,SUBMISSION,,VOLCANIC_ROCK_VOUCHER_9500,SEASHELLS,725,12
10000,SUBMISSION,,VOLCANIC_ROCK_VOUCHER_9500,SEASHELLS,725,2
10000,SUBMISSION,,VOLCANIC_ROCK_VOUCHER_9750,SEASHELLS,476,12
10000,SUBMISSION,,VOLCANIC_ROCK_VOUCHER_9750,SEASHELLS,476,2
10000,,,CROISSANTS,SEASHELLS,4270,5
10000,,,VOLCANIC_ROCK_VOUCHER_10000,SEASHELLS,236,11
10000,,,VOLCANIC_ROCK_VOUCHER_10250,SEASHELLS,65,11
10000,,,VOLCANIC_ROCK_VOUCHER_10500,SEASHELLS,9,11
10000,,,VOLCANIC_ROCK_VOUCHER_9500,SEASHELLS,724,11
10000,,,VOLCANIC_ROCK_VOUCHER_9750,SEASHELLS,475,11
10100,SUBMISSION,,PICNIC_BASKET2,SEASHELLS,30090,10
10100,SUBMISSION,,PICNIC_BASKET2,SEASHELLS,30090,1
10100,SUBMISSION,,PICNIC_BASKET2,SEASHELLS,30090,0
10100,SUBMISSION,,PICNIC_BASKET2,SEASHELLS,30091,17
10100,SUBMISSION,,SQUID_INK,SEASHELLS,1808,22
10100,SUBMISSION,,SQUID_INK,SEASHELLS,1808,1
10100,SUBMISSION,,VOLCANIC_ROCK_VOUCHER_10000,SEASHELLS,235,10
10100,SUBMISSION,,VOLCANIC_ROCK_VOUCHER_10000,SEASHELLS,235,1
10100,SUBMISSION,,VOLCANIC_ROCK_VOUCHER_10250,SEASHELLS,66,10
10100,SUBMISSION,,VOLCANIC_ROCK_VOUCHER_10250,SEASHELLS,66,1
10100,SUBMISSION,,VOLCANIC_ROCK_VOUCHER_9500,SEASHELLS,724,10
10100,SUBMISSION,,VOLCANIC_ROCK_VOUCHER_9500,SEASHELLS,724,1
10100,SUBMISSION,,VOLCANIC_ROCK_VOUCHER_9750,SEASHELLS,475,10
10100,SUBMISSION,,VOLCANIC_ROCK_VOUCHER_9750,SEASHELLS,475,1
10200,SUBMISSION,,PICNIC_BASKET2,SEASHELLS,30088,2
10200,SUBMISSION,,RAINFOREST_RESIN,SEASHELLS,9999,1
10200,SUBMISSION,,SQUID_INK,SEASHELLS,1808,3
10200,SUBMISSION,,VOLCANIC_ROCK_VOUCHER_10000,SEASHELLS,236,14
10200,SUBMISSION,,VOLCANIC_ROCK_VOUCHER_10000,SEASHELLS,236,2
10200,SUBMISSION,,VOLCANIC_ROCK_VOUCHER_10250,SEASHELLS,66,14
10200,SUBMISSION,,VOLCANIC_ROCK_VOUCHER_10250,SEASHELLS,66,2
10200,SUBMISSION,,VOLCANIC_ROCK_VOUCHER_9500,SEASHELLS,724,14
10200,SUBMISSION,,VOLCANIC_ROCK_VOUCHER_9500,SEASHELLS,724,2
10200,SUBMISSION,,VOLCANIC_ROCK_VOUCHER_9750,SEASHELLS,475,14
10200,SUBMISSION,,VOLCANIC_ROCK_VOUCHER_9750,SEASHELLS,475,2
10200,,,VOLCANIC_ROCK_VOUCHER_10000,SEASHELLS,235,14
10200,,,VOLCANIC_ROCK_VOUCHER_10250,SEASHELLS,65,14
10200,,,VOLCANIC_ROCK_VOUCHER_10500,SEASHELLS,9,14
10200,,,VOLCANIC_ROCK_VOUCHER_9500,SEASHELLS,723,14
10200,,,VOLCANIC_ROCK_VOUCHER_9750,SEASHELLS,474,14
10300,SUBMISSION,,VOLCANIC_ROCK_VOUCHER_10000,SEASHELLS,231,14
10300,SUBMISSION,,VOLCANIC_ROCK_VOUCHER_10000,SEASHELLS,231,2
10300,SUBMISSION,,VOLCANIC_ROCK_VOUCHER_10250,SEASHELLS,64,14
10300,SUBMISSION,,VOLCANIC_ROCK_VOUCHER_10250,SEASHELLS,64,2
10300,SUBMISSION,,VOLCANIC_ROCK_VOUCHER_10500,SEASHELLS,9,14
10300,SUBMISSION,,VOLCANIC_ROCK_VOUCHER_10500,SEASHELLS,9,2
10300,SUBMISSION,,VOLCANIC_ROCK_VOUCHER_9500,SEASHELLS,719,2
10300,SUBMISSION,,VOLCANIC_ROCK_VOUCHER_9500,SEASHELLS,720,14
10300,SUBMISSION,,VOLCANIC_ROCK_VOUCHER_9750,SEASHELLS,471,14
10300,SUBMISSION,,VOLCANIC_ROCK_VOUCHER_9750,SEASHELLS,471,2
10300,,,RAINFOREST_RESIN,SEASHELLS,9992,2
10400,SUBMISSION,,VOLCANIC_ROCK_VOUCHER_10000,SEASHELLS,234,12
10400,SUBMISSION,,VOLCANIC_ROCK_VOUCHER_10000,SEASHELLS,234,2
10400,SUBMISSION,,VOLCANIC_ROCK_VOUCHER_10250,SEASHELLS,64,12
10400,SUBMISSION,,VOLCANIC_ROCK_VOUCHER_10250,SEASHELLS,64,2
10400,SUBMISSION,,VOLCANIC_ROCK_VOUCHER_10500,SEASHELLS,9,12
10400,SUBMISSION,,VOLCANIC_ROCK_VOUCHER_10500,SEASHELLS,9,2
10400,SUBMISSION,,VOLCANIC_ROCK_VOUCHER_9500,SEASHELLS,720,12
10400,SUBMISSION,,VOLCANIC_ROCK_VOUCHER_9500,SEASHELLS,720,2
10400,SUBMISSION,,VOLCANIC_ROCK_VOUCHER_9750,SEASHELLS,471,12
10400,SUBMISSION,,VOLCANIC_ROCK_VOUCHER_9750,SEASHELLS,471,2
10500,SUBMISSION,,VOLCANIC_ROCK_VOUCHER_10000,SEASHELLS,229,20
10500,SUBMISSION,,VOLCANIC_ROCK_VOUCHER_10000,SEASHELLS,229,2
10500,SUBMISSION,,VOLCANIC_ROCK_VOUCHER_10250,SEASHELLS,62,20
10500,SUBMISSION,,VOLCANIC_ROCK_VOUCHER_10250,SEASHELLS,62,2
10500,SUBMISSION,,VOLCANIC_ROCK_VOUCHER_10500,SEASHELLS,9,20
10500,SUBMISSION,,VOLCANIC_ROCK_VOUCHER_10500,SEASHELLS,9,2
10500,SUBMISSION,,VOLCANIC_ROCK_VOUCHER_9500,SEASHELLS,715,20
10500,SUBMISSION,,VOLCANIC_ROCK_VOUCHER_9500,SEASHELLS,715,2
10500,SUBMISSION,,VOLCANIC_ROCK_VOUCHER_9750,SEASHELLS,466,20
10500,SUBMISSION,,VOLCANIC_ROCK_VOUCHER_9750,SEASHELLS,466,2
10600,SUBMISSION,,PICNIC_BASKET1,SEASHELLS,58758,1
10600,SUBMISSION,,PICNIC_BASKET1,SEASHELLS,58759,19
10600,SUBMISSION,,PICNIC_BASKET1,SEASHELLS,58760,19
10600,SUBMISSION,,VOLCANIC_ROCK_VOUCHER_10000,SEASHELLS,230,19
10600,SUBMISSION,,VOLCANIC_ROCK_VOUCHER_10000,SEASHELLS,230,1
10600,SUBMISSION,,VOLCANIC_ROCK_VOUCHER_10250,SEASHELLS,62,19
10600,SUBMISSION,,VOLCANIC_ROCK_VOUCHER_10250,SEASHELLS,62,1
10600,SUBMISSION,,VOLCANIC_ROCK_VOUCHER_10500,SEASHELLS,9,19
10600,SUBMISSION,,VOLCANIC_ROCK_VOUCHER_10500,SEASHELLS,9,1
10600,SUBMISSION,,VOLCANIC_ROCK_VOUCHER_9500,SEASHELLS,715,19
10600,SUBMISSION,,VOLCANIC_ROCK_VOUCHER_9500,SEASHELLS,715,1
10600,SUBMISSION,,VOLCANIC_ROCK_VOUCHER_9750,SEASHELLS,466,19
10600,SUBMISSION,,VOLCANIC_ROCK_VOUCHER_9750,SEASHELLS,466,1
10700,SUBMISSION,,VOLCANIC_ROCK_VOUCHER_10000,SEASHELLS,230,14
10700,SUBMISSION,,VOLCANIC_ROCK_VOUCHER_10000,SEASHELLS,230,1
10700,SUBMISSION,,VOLCANIC_ROCK_VOUCHER_10250,SEASHELLS,62,14
10700,SUBMISSION,,VOLCANIC_ROCK_VOUCHER_10250,SEASHELLS,62,1
10700,SUBMISSION,,VOLCANIC_ROCK_VOUCHER_10500,SEASHELLS,9,14
10700,SUBMISSION,,VOLCANIC_ROCK_VOUCHER_10500,SEASHELLS,9,1
10700,SUBMISSION,,VOLCANIC_ROCK_VOUCHER_9500,SEASHELLS,716,14
10700,SUBMISSION,,VOLCANIC_ROCK_VOUCHER_9500,SEASHELLS,716,1
10700,SUBMISSION,,VOLCANIC_ROCK_VOUCHER_9750,SEASHELLS,467,14
10700,SUBMISSION,,VOLCANIC_ROCK_VOUCHER_9750,SEASHELLS,467,1
10800,SUBMISSION,,VOLCANIC_ROCK_VOUCHER_10000,SEASHELLS,231,18
10800,SUBMISSION,,VOLCANIC_ROCK_VOUCHER_10250,SEASHELLS,62,18
10800,SUBMISSION,,VOLCANIC_ROCK_VOUCHER_10500,SEASHELLS,9,18
10800,SUBMISSION,,VOLCANIC_ROCK_VOUCHER_9500,SEASHELLS,715,18
10800,SUBMISSION,,VOLCANIC_ROCK_VOUCHER_9750,SEASHELLS,466,18
10800,,,KELP,SEASHELLS,2046,1
10800,,,RAINFOREST_RESIN,SEASHELLS,10008,8
10800,,,SQUID_INK,SEASHELLS,1802,1
10900,SUBMISSION,,VOLCANIC_ROCK_VOUCHER_10000,SEASHELLS,231,16
10900,SUBMISSION,,VOLCANIC_ROCK_VOUCHER_10000,SEASHELLS,231,2
10900,SUBMISSION,,VOLCANIC_ROCK_VOUCHER_10250,SEASHELLS,62,16
10900,SUBMISSION,,VOLCANIC_ROCK_VOUCHER_10250,SEASHELLS,62,2
10900,SUBMISSION,,VOLCANIC_ROCK_VOUCHER_10500,SEASHELLS,9,16
10900,SUBMISSION,,VOLCANIC_ROCK_VOUCHER_10500,SEASHELLS,9,2
10900,SUBMISSION,,VOLCANIC_ROCK_VOUCHER_9500,SEASHELLS,715,16
10900,SUBMISSION,,VOLCANIC_ROCK_VOUCHER_9500,SEASHELLS,715,2
10900,SUBMISSION,,VOLCANIC_ROCK_VOUCHER_9750,SEASHELLS,466,16
10900,SUBMISSION,,VOLCANIC_ROCK_VOUCHER_9750,SEASHELLS,466,2
10900,,,KELP,SEASHELLS,2044,4
10900,,,SQUID_INK,SEASHELLS,1800,4
11000,SUBMISSION,,CROISSANTS,SEASHELLS,4269,53
11000,SUBMISSION,,CROISSANTS,SEASHELLS,4269,71
11000,SUBMISSION,,PICNIC_BASKET1,SEASHELLS,58755,7
11000,SUBMISSION,,PICNIC_BASKET1,SEASHELLS,58760,1
11000,SUBMISSION,,PICNIC_BASKET1,SEASHELLS,58761,18
11000,SUBMISSION,,VOLCANIC_ROCK_VOUCHER_10000,SEASHELLS,229,18
11000,SUBMISSION,,VOLCANIC_ROCK_VOUCHER_10000,SEASHELLS,229,1
11000,SUBMISSION,,VOLCANIC_ROCK_VOUCHER_10250,SEASHELLS,62,18
11000,SUBMISSION,,VOLCANIC_ROCK_VOUCHER_10250,SEASHELLS,62,1
11000,SUBMISSION,,VOLCANIC_ROCK_VOUCHER_10500,SEASHELLS,9,18
11000,SUBMISSION,,VOLCANIC_ROCK_VOUCHER_10500,SEASHELLS,9,1
11000,SUBMISSION,,VOLCANIC_ROCK_VOUCHER_9500,SEASHELLS,715,18
11000,SUBMISSION,,VOLCANIC_ROCK_VOUCHER_9500,SEASHELLS,715,1
11000,SUBMISSION,,VOLCANIC_ROCK_VOUCHER_9750,SEASHELLS,466,18
11000,SUBMISSION,,VOLCANIC_ROCK_VOUCHER_9750,SEASHELLS,466,1
11100,SUBMISSION,,CROISSANTS,SEASHELLS,4269,43
11100,SUBMISSION,,CROISSANTS,SEASHELLS,4269,60
11100,SUBMISSION,,PICNIC_BASKET1,SEASHELLS,58760,2
11100,SUBMISSION,,PICNIC_BASKET1,SEASHELLS,58761,21
11100,SUBMISSION,,PICNIC_BASKET1,SEASHELLS,58761,15
11100,,SUBMISSION,RAINFOREST_RESIN,SEASHELLS,10002,3
11100,SUBMISSION,,VOLCANIC_ROCK_VOUCHER_10000,SEASHELLS,229,15
11100,SUBMISSION,,VOLCANIC_ROCK_VOUCHER_10000,SEASHELLS,229,2
11100,SUBMISSION,,VOLCANIC_ROCK_VOUCHER_10250,SEASHELLS,62,4
11100,SUBMISSION,,VOLCANIC_ROCK_VOUCHER_10500,SEASHELLS,9,15
11100,SUBMISSION,,VOLCANIC_ROCK_VOUCHER_10500,SEASHELLS,9,2
11100,SUBMISSION,,VOLCANIC_ROCK_VOUCHER_9500,SEASHELLS,715,15
11100,SUBMISSION,,VOLCANIC_ROCK_VOUCHER_9500,SEASHELLS,715,2
11100,SUBMISSION,,VOLCANIC_ROCK_VOUCHER_9750,SEASHELLS,467,15
11100,SUBMISSION,,VOLCANIC_ROCK_VOUCHER_9750,SEASHELLS,467,2
11200,SUBMISSION,,CROISSANTS,SEASHELLS,4269,36
11200,SUBMISSION,,CROISSANTS,SEASHELLS,4269,65
11200,SUBMISSION,,VOLCANIC_ROCK_VOUCHER_10000,SEASHELLS,231,10
11200,SUBMISSION,,VOLCANIC_ROCK_VOUCHER_10000,SEASHELLS,231,1
11200,SUBMISSION,,VOLCANIC_ROCK_VOUCHER_10500,SEASHELLS,9,10
11200,SUBMISSION,,VOLCANIC_ROCK_VOUCHER_10500,SEASHELLS,9,1
11200,SUBMISSION,,VOLCANIC_ROCK_VOUCHER_9500,SEASHELLS,716,10
11200,SUBMISSION,,VOLCANIC_ROCK_VOUCHER_9500,SEASHELLS,716,1
11200,SUBMISSION,,VOLCANIC_ROCK_VOUCHER_9750,SEASHELLS,467,4
11300,SUBMISSION,,CROISSANTS,SEASHELLS,4269,60
11300,SUBMISSION,,CROISSANTS,SEASHELLS,4269,51
11300,SUBMISSION,,VOLCANIC_ROCK_VOUCHER_10000,SEASHELLS,228,11
11300,SUBMISSION,,VOLCANIC_ROCK_VOUCHER_10500,SEASHELLS,9,11
11300,SUBMISSION,,VOLCANIC_ROCK_VOUCHER_9500,SEASHELLS,713,11
11300,,,RAINFOREST_RESIN,SEASHELLS,10008,1
11400,SUBMISSION,,CROISSANTS,SEASHELLS,4269,59
11400,SUBMISSION,,CROISSANTS,SEASHELLS,4269,2
11400,SUBMISSION,,KELP,SEASHELLS,2045,2
11400,,SUBMISSION,PICNIC_BASKET1,SEASHELLS,58763,19
11400,,SUBMISSION,PICNIC_BASKET1,SEASHELLS,58762,25
11400,SUBMISSION,,VOLCANIC_ROCK_VOUCHER_10000,SEASHELLS,227,19
11400,SUBMISSION,,VOLCANIC_ROCK_VOUCHER_9500,SEASHELLS,712,3
11400,,,KELP,SEASHELLS,2046,1
11400,,,SQUID_INK,SEASHELLS,1800,1
11400,,,SQUID_INK,SEASHELLS,1799,2
11500,,SUBMISSION,PICNIC_BASKET1,SEASHELLS,58764,17
11500,,SUBMISSION,PICNIC_BASKET1,SEASHELLS,58763,18
11500,SUBMISSION,,VOLCANIC_ROCK_VOUCHER_10000,SEASHELLS,228,17
11500,,,CROISSANTS,SEASHELLS,4268,8
11500,,,VOLCANIC_ROCK,SEASHELLS,10211,8
11600,,SUBMISSION,JAMS,SEASHELLS,6519,51
11600,,SUBMISSION,JAMS,SEASHELLS,6519,5
11600,,SUBMISSION,PICNIC_BASKET1,SEASHELLS,58762,14
11600,SUBMISSION,,VOLCANIC_ROCK_VOUCHER_10000,SEASHELLS,224,7
11600,SUBMISSION,,VOLCANIC_ROCK_VOUCHER_10500,SEASHELLS,8,14
11600,,,JAMS,SEASHELLS,6520,8
11700,,SUBMISSION,JAMS,SEASHELLS,6519,95
11700,,SUBMISSION,JAMS,SEASHELLS,6519,132
11700,,SUBMISSION,KELP,SEASHELLS,2046,3
11700,,SUBMISSION,PICNIC_BASKET1,SEASHELLS,58764,2
11700,,SUBMISSION,PICNIC_BASKET1,SEASHELLS,58763,8
11700,SUBMISSION,,VOLCANIC_ROCK_VOUCHER_10500,SEASHELLS,8,14
11700,SUBMISSION,,VOLCANIC_ROCK_VOUCHER_10500,SEASHELLS,8,2
11800,,SUBMISSION,JAMS,SEASHELLS,6520,65
11800,,SUBMISSION,JAMS,SEASHELLS,6520,135
11800,SUBMISSION,,VOLCANIC_ROCK_VOUCHER_10500,SEASHELLS,8,10
11800,,,KELP,SEASHELLS,2044,1
11800,,,SQUID_INK,SEASHELLS,1798,1
11800,,,VOLCANIC_ROCK_VOUCHER_10000,SEASHELLS,225,10
11800,,,VOLCANIC_ROCK_VOUCHER_10250,SEASHELLS,59,10
11800,,,VOLCANIC_ROCK_VOUCHER_9500,SEASHELLS,709,10
11800,,,VOLCANIC_ROCK_VOUCHER_9750,SEASHELLS,460,10
11900,,SUBMISSION,JAMS,SEASHELLS,6521,58
11900,,SUBMISSION,JAMS,SEASHELLS,6520,142
11900,,,CROISSANTS,SEASHELLS,4268,8
12000,,SUBMISSION,JAMS,SEASHELLS,6522,17
12000,,,JAMS,SEASHELLS,6522,7
12000,,,KELP,SEASHELLS,2044,1
12000,,,SQUID_INK,SEASHELLS,1802,1
12100,SUBMISSION,,VOLCANIC_ROCK_VOUCHER_10500,SEASHELLS,8,14
12100,,,CROISSANTS,SEASHELLS,4268,8
12100,,,DJEMBES,SEASHELLS,13421,1
12200,,SUBMISSION,PICNIC_BASKET2,SEASHELLS,30079,18
12200,,SUBMISSION,PICNIC_BASKET2,SEASHELLS,30079,1
12200,,SUBMISSION,PICNIC_BASKET2,SEASHELLS,30079,0
12200,,SUBMISSION,PICNIC_BASKET2,SEASHELLS,30078,20
12200,SUBMISSION,,RAINFOREST_RESIN,SEASHELLS,9998,3
12200,,SUBMISSION,SQUID_INK,SEASHELLS,1802,21
12200,,SUBMISSION,SQUID_INK,SEASHELLS,1802,1
12200,SUBMISSION,,VOLCANIC_ROCK_VOUCHER_10500,SEASHELLS,8,18
12200,SUBMISSION,,VOLCANIC_ROCK_VOUCHER_10500,SEASHELLS,8,1
12200,,,KELP,SEASHELLS,2047,2
12200,,,PICNIC_BASKET1,SEASHELLS,58772,1
12200,,,SQUID_INK,SEASHELLS,1805,2
12300,,SUBMISSION,PICNIC_BASKET2,SEASHELLS,30079,17
12300,,SUBMISSION,PICNIC_BASKET2,SEASHELLS,30079,12
12300,,SUBMISSION,PICNIC_BASKET2,SEASHELLS,30079,2
12300,,SUBMISSION,SQUID_INK,SEASHELLS,1802,23
12300,,SUBMISSION,SQUID_INK,SEASHELLS,1802,2
12300,SUBMISSION,,VOLCANIC_ROCK_VOUCHER_10500,SEASHELLS,8,12
12300,SUBMISSION,,VOLCANIC_ROCK_VOUCHER_10500,SEASHELLS,8,2
12300,,,KELP,SEASHELLS,2046,1
12300,,,SQUID_INK,SEASHELLS,1804,1
12400,,SUBMISSION,KELP,SEASHELLS,2046,1
12400,,SUBMISSION,PICNIC_BASKET2,SEASHELLS,30083,10
12400,,SUBMISSION,PICNIC_BASKET2,SEASHELLS,30083,1
12400,,SUBMISSION,PICNIC_BASKET2,SEASHELLS,30083,0
12400,,SUBMISSION,PICNIC_BASKET2,SEASHELLS,30082,21
12400,,SUBMISSION,SQUID_INK,SEASHELLS,1803,1
12400,,SUBMISSION,SQUID_INK,SEASHELLS,1802,1
12400,SUBMISSION,,VOLCANIC_ROCK_VOUCHER_10500,SEASHELLS,8,10
12400,SUBMISSION,,VOLCANIC_ROCK_VOUCHER_10500,SEASHELLS,8,1
12500,,SUBMISSION,KELP,SEASHELLS,2046,3
12500,,SUBMISSION,PICNIC_BASKET2,SEASHELLS,30086,21
12500,,SUBMISSION,PICNIC_BASKET2,SEASHELLS,30086,12
12500,,SUBMISSION,SQUID_INK,SEASHELLS,1803,3
12500,SUBMISSION,,VOLCANIC_ROCK_VOUCHER_10500,SEASHELLS,8,12
12600,,SUBMISSION,KELP,SEASHELLS,2046,5
12600,,SUBMISSION,PICNIC_BASKET2,SEASHELLS,30089,6
12600,,SUBMISSION,PICNIC_BASKET2,SEASHELLS,30084,15
12600,,SUBMISSION,PICNIC_BASKET2,SEASHELLS,30084,16
12600,,SUBMISSION,PICNIC_BASKET2,SEASHELLS,30084,1
12600,SUBMISSION,,VOLCANIC_ROCK_VOUCHER_10500,SEASHELLS,8,16
12600,SUBMISSION,,VOLCANIC_ROCK_VOUCHER_10500,SEASHELLS,8,1
12600,,,PICNIC_BASKET1,SEASHELLS,58781,1
12700,,SUBMISSION,PICNIC_BASKET2,SEASHELLS,30085,10
12700,,SUBMISSION,PICNIC_BASKET2,SEASHELLS,30084,17
12700,,,KELP,SEASHELLS,2044,1
12700,,,SQUID_INK,SEASHELLS,1800,1
12800,,,KELP,SEASHELLS,2046,2
12800,,,SQUID_INK,SEASHELLS,1802,2
12800,,,VOLCANIC_ROCK_VOUCHER_10000,SEASHELLS,219,11
12800,,,VOLCANIC_ROCK_VOUCHER_10250,SEASHELLS,56,11
12800,,,VOLCANIC_ROCK_VOUCHER_10500,SEASHELLS,7,11
12800,,,VOLCANIC_ROCK_VOUCHER_9500,SEASHELLS,703,11
12800,,,VOLCANIC_ROCK_VOUCHER_9750,SEASHELLS,454,11
12900,,,PICNIC_BASKET1,SEASHELLS,58786,2
12900,,,PICNIC_BASKET2,SEASHELLS,30090,2
12900,,,PICNIC_BASKET2,SEASHELLS,30094,8
12900,,,VOLCANIC_ROCK,SEASHELLS,10203,10
13000,,,DJEMBES,SEASHELLS,13423,5
13100,SUBMISSION,,KELP,SEASHELLS,2045,5
13200,SUBMISSION,,RAINFOREST_RESIN,SEASHELLS,9998,3
13200,,SUBMISSION,SQUID_INK,SEASHELLS,1804,6
13200,,SUBMISSION,SQUID_INK,SEASHELLS,1803,30
13200,,SUBMISSION,SQUID_INK,SEASHELLS,1803,1
13200,,,RAINFOREST_RESIN,SEASHELLS,9998,1
13300,,SUBMISSION,SQUID_INK,SEASHELLS,1803,11
13300,,,KELP,SEASHELLS,2044,1
13300,,,SQUID_INK,SEASHELLS,1803,1
13400,,,KELP,SEASHELLS,2044,1
13400,,,SQUID_INK,SEASHELLS,1803,1
13700,,SUBMISSION,KELP,SEASHELLS,2047,1
13700,,,SQUID_INK,SEASHELLS,1807,1
13700,,,VOLCANIC_ROCK_VOUCHER_10000,SEASHELLS,217,11
13700,,,VOLCANIC_ROCK_VOUCHER_10250,SEASHELLS,56,11
13700,,,VOLCANIC_ROCK_VOUCHER_9500,SEASHELLS,701,11
13700,,,VOLCANIC_ROCK_VOUCHER_9750,SEASHELLS,452,11
13800,,SUBMISSION,RAINFOREST_RESIN,SEASHELLS,10002,5
13800,,,DJEMBES,SEASHELLS,13424,10
13900,,SUBMISSION,KELP,SEASHELLS,2046,4
13900,,SUBMISSION,VOLCANIC_ROCK_VOUCHER_10000,SEASHELLS,219,20
13900,,SUBMISSION,VOLCANIC_ROCK_VOUCHER_10000,SEASHELLS,219,2
14000,SUBMISSION,,VOLCANIC_ROCK_VOUCHER_10000,SEASHELLS,216,20
14000,SUBMISSION,,VOLCANIC_ROCK_VOUCHER_10000,SEASHELLS,216,2
14100,SUBMISSION,,VOLCANIC_ROCK_VOUCHER_10500,SEASHELLS,7,11
14100,SUBMISSION,,VOLCANIC_ROCK_VOUCHER_10500,SEASHELLS,7,1
14200,,SUBMISSION,CROISSANTS,SEASHELLS,4268,35
14200,,SUBMISSION,CROISSANTS,SEASHELLS,4268,80
14200,SUBMISSION,,DJEMBES,SEASHELLS,13423,23
14200,SUBMISSION,,VOLCANIC_ROCK_VOUCHER_10500,SEASHELLS,7,11
14200,SUBMISSION,,VOLCANIC_ROCK_VOUCHER_10500,SEASHELLS,7,2
14200,,,DJEMBES,SEASHELLS,13424,2
14200,,,RAINFOREST_RESIN,SEASHELLS,10003,6
14300,SUBMISSION,,DJEMBES,SEASHELLS,13421,19
14300,SUBMISSION,,DJEMBES,SEASHELLS,13422,33
14300,SUBMISSION,,VOLCANIC_ROCK_VOUCHER_10500,SEASHELLS,7,16
14300,SUBMISSION,,VOLCANIC_ROCK_VOUCHER_10500,SEASHELLS,7,1
14300,,,VOLCANIC_ROCK_VOUCHER_10000,SEASHELLS,210,16
14300,,,VOLCANIC_ROCK_VOUCHER_10000,SEASHELLS,210,1
14300,,,VOLCANIC_ROCK_VOUCHER_10250,SEASHELLS,52,16
14300,,,VOLCANIC_ROCK_VOUCHER_10250,SEASHELLS,52,1
14300,,,VOLCANIC_ROCK_VOUCHER_10500,SEASHELLS,6,16
14300,,,VOLCANIC_ROCK_VOUCHER_10500,SEASHELLS,6,1
14300,,,VOLCANIC_ROCK_VOUCHER_9500,SEASHELLS,692,16
14300,,,VOLCANIC_ROCK_VOUCHER_9500,SEASHELLS,692,1
14300,,,VOLCANIC_ROCK_VOUCHER_9750,SEASHELLS,444,16
14300,,,VOLCANIC_ROCK_VOUCHER_9750,SEASHELLS,444,1
14400,,SUBMISSION,CROISSANTS,SEASHELLS,4268,36
14400,SUBMISSION,,DJEMBES,SEASHELLS,13422,19
14400,SUBMISSION,,DJEMBES,SEASHELLS,13422,26
14400,SUBMISSION,,VOLCANIC_ROCK_VOUCHER_10500,SEASHELLS,7,17
14400,SUBMISSION,,VOLCANIC_ROCK_VOUCHER_10500,SEASHELLS,7,2
14400,,,DJEMBES,SEASHELLS,13420,2
14500,SUBMISSION,,VOLCANIC_ROCK_VOUCHER_10500,SEASHELLS,7,20
14500,SUBMISSION,,VOLCANIC_ROCK_VOUCHER_10500,SEASHELLS,7,2
14500,,,JAMS,SEASHELLS,6529,3
14500,,,KELP,SEASHELLS,2047,2
14500,,,SQUID_INK,SEASHELLS,1807,2
14600,SUBMISSION,,VOLCANIC_ROCK_VOUCHER_10500,SEASHELLS,7,9
14600,,,VOLCANIC_ROCK,SEASHELLS,10192,6
14600,,,VOLCANIC_ROCK_VOUCHER_10000,SEASHELLS,207,12
14600,,,VOLCANIC_ROCK_VOUCHER_10250,SEASHELLS,52,12
14600,,,VOLCANIC_ROCK_VOUCHER_10500,SEASHELLS,6,12
14600,,,VOLCANIC_ROCK_VOUCHER_9500,SEASHELLS,692,12
14600,,,VOLCANIC_ROCK_VOUCHER_9750,SEASHELLS,444,12
14700,,,CROISSANTS,SEASHELLS,4268,5
14700,,,KELP,SEASHELLS,2045,2
14700,,,SQUID_INK,SEASHELLS,1805,2
14900,SUBMISSION,,PICNIC_BASKET1,SEASHELLS,58800,5
14900,,,CROISSANTS,SEASHELLS,4268,5
15000,SUBMISSION,,PICNIC_BASKET1,SEASHELLS,58796,20
15000,SUBMISSION,,PICNIC_BASKET1,SEASHELLS,58797,25
15000,SUBMISSION,,SQUID_INK,SEASHELLS,1805,1
15000,,SUBMISSION,VOLCANIC_ROCK_VOUCHER_9750,SEASHELLS,449,20
15000,,SUBMISSION,VOLCANIC_ROCK_VOUCHER_9750,SEASHELLS,449,1
15000,,,KELP,SEASHELLS,2045,1
15000,,,PICNIC_BASKET1,SEASHELLS,58795,1
15000,,,PICNIC_BASKET1,SEASHELLS,58795,4
15000,,,PICNIC_BASKET2,SEASHELLS,30116,5
15100,SUBMISSION,,JAMS,SEASHELLS,6528,50
15100,SUBMISSION,,JAMS,SEASHELLS,6528,199
15100,SUBMISSION,,PICNIC_BASKET1,SEASHELLS,58793,1
15100,SUBMISSION,,PICNIC_BASKET1,SEASHELLS,58794,20
15100,SUBMISSION,,PICNIC_BASKET1,SEASHELLS,58794,11
15200,SUBMISSION,,PICNIC_BASKET1,SEASHELLS,58793,12
15200,SUBMISSION,,PICNIC_BASKET1,SEASHELLS,58794,21
15200,SUBMISSION,,SQUID_INK,SEASHELLS,1805,4
15200,,SUBMISSION,VOLCANIC_ROCK_VOUCHER_10000,SEASHELLS,215,12
15200,,SUBMISSION,VOLCANIC_ROCK_VOUCHER_10000,SEASHELLS,215,14
15200,SUBMISSION,,VOLCANIC_ROCK_VOUCHER_9750,SEASHELLS,447,12
15200,,,KELP,SEASHELLS,2047,2
15300,SUBMISSION,,CROISSANTS,SEASHELLS,4267,60
15300,SUBMISSION,,CROISSANTS,SEASHELLS,4267,71
15300,SUBMISSION,,PICNIC_BASKET1,SEASHELLS,58784,5
15300,SUBMISSION,,SQUID_INK,SEASHELLS,1805,1
15300,SUBMISSION,,VOLCANIC_ROCK_VOUCHER_10000,SEASHELLS,212,15
15300,SUBMISSION,,VOLCANIC_ROCK_VOUCHER_10000,SEASHELLS,212,2
15300,SUBMISSION,,VOLCANIC_ROCK_VOUCHER_9750,SEASHELLS,447,9
15300,,,PICNIC_BASKET1,SEASHELLS,58783,2
15300,,,PICNIC_BASKET1,SEASHELLS,58783,4
15400,SUBMISSION,,CROISSANTS,SEASHELLS,4267,20
15400,SUBMISSION,,VOLCANIC_ROCK_VOUCHER_10000,SEASHELLS,211,9
15500,SUBMISSION,,PICNIC_BASKET2,SEASHELLS,30107,20
15500,SUBMISSION,,PICNIC_BASKET2,SEASHELLS,30107,2
15500,SUBMISSION,,PICNIC_BASKET2,SEASHELLS,30107,0
15500,SUBMISSION,,PICNIC_BASKET2,SEASHELLS,30108,22
15500,SUBMISSION,,RAINFOREST_RESIN,SEASHELLS,9999,1
15500,SUBMISSION,,SQUID_INK,SEASHELLS,1804,10
15500,,,KELP,SEASHELLS,2045,10
15600,,SUBMISSION,JAMS,SEASHELLS,6531,5
15600,,SUBMISSION,JAMS,SEASHELLS,6530,63
15600,,SUBMISSION,JAMS,SEASHELLS,6530,178
15600,,SUBMISSION,PICNIC_BASKET2,SEASHELLS,30109,4
15600,,,PICNIC_BASKET1,SEASHELLS,58785,1
15700,,SUBMISSION,JAMS,SEASHELLS,6530,3
15700,SUBMISSION,,PICNIC_BASKET2,SEASHELLS,30106,16
15700,SUBMISSION,,PICNIC_BASKET2,SEASHELLS,30107,21
15700,,,CROISSANTS,SEASHELLS,4266,9
15800,SUBMISSION,,PICNIC_BASKET2,SEASHELLS,30107,19
15800,SUBMISSION,,PICNIC_BASKET2,SEASHELLS,30108,25
15800,SUBMISSION,,RAINFOREST_RESIN,SEASHELLS,9999,1
15800,,,VOLCANIC_ROCK_VOUCHER_10000,SEASHELLS,209,6
15800,,,VOLCANIC_ROCK_VOUCHER_10250,SEASHELLS,51,6
15800,,,VOLCANIC_ROCK_VOUCHER_10500,SEASHELLS,6,6
15800,,,VOLCANIC_ROCK_VOUCHER_9500,SEASHELLS,690,6
15800,,,VOLCANIC_ROCK_VOUCHER_9750,SEASHELLS,442,6
15900,SUBMISSION,,PICNIC_BASKET2,SEASHELLS,30109,16
15900,SUBMISSION,,PICNIC_BASKET2,SEASHELLS,30109,2
15900,SUBMISSION,,RAINFOREST_RESIN,SEASHELLS,9999,1
15900,SUBMISSION,,SQUID_INK,SEASHELLS,1805,8
15900,,,KELP,SEASHELLS,2047,1
15900,,,SQUID_INK,SEASHELLS,1807,1
16000,,SUBMISSION,DJEMBES,SEASHELLS,13421,27
16000,,SUBMISSION,DJEMBES,SEASHELLS,13421,46
16000,,SUBMISSION,VOLCANIC_ROCK_VOUCHER_10000,SEASHELLS,211,10
16000,,,KELP,SEASHELLS,2045,9
16000,,,SQUID_INK,SEASHELLS,1805,9
16100,,SUBMISSION,DJEMBES,SEASHELLS,13420,23
16100,,SUBMISSION,DJEMBES,SEASHELLS,13420,24
16100,SUBMISSION,,PICNIC_BASKET2,SEASHELLS,30108,19
16100,SUBMISSION,,PICNIC_BASKET2,SEASHELLS,30108,2
16100,SUBMISSION,,PICNIC_BASKET2,SEASHELLS,30108,0
16100,SUBMISSION,,PICNIC_BASKET2,SEASHELLS,30109,23
16100,SUBMISSION,,VOLCANIC_ROCK_VOUCHER_10000,SEASHELLS,210,10
16100,,,JAMS,SEASHELLS,6529,9
16200,SUBMISSION,,PICNIC_BASKET2,SEASHELLS,30107,1
16200,SUBMISSION,,PICNIC_BASKET2,SEASHELLS,30108,16
16200,,,KELP,SEASHELLS,2045,1
16200,,,SQUID_INK,SEASHELLS,1805,1
16300,SUBMISSION,,KELP,SEASHELLS,2046,2
16400,,SUBMISSION,RAINFOREST_RESIN,SEASHELLS,10001,1
16400,SUBMISSION,,SQUID_INK,SEASHELLS,1805,7
16400,,SUBMISSION,VOLCANIC_ROCK_VOUCHER_10000,SEASHELLS,211,11
16400,,SUBMISSION,VOLCANIC_ROCK_VOUCHER_10000,SEASHELLS,211,1
16400,,,PICNIC_BASKET1,SEASHELLS,58775,1
16400,,,PICNIC_BASKET2,SEASHELLS,30102,6
16500,SUBMISSION,,RAINFOREST_RESIN,SEASHELLS,9999,1
16600,SUBMISSION,,VOLCANIC_ROCK_VOUCHER_10000,SEASHELLS,209,12
16800,,SUBMISSION,KELP,SEASHELLS,2047,4
16800,,SUBMISSION,SQUID_INK,SEASHELLS,1806,4
16800,,SUBMISSION,SQUID_INK,SEASHELLS,1806,4
16800,,SUBMISSION,VOLCANIC_ROCK_VOUCHER_9500,SEASHELLS,693,17
16800,,SUBMISSION,VOLCANIC_ROCK_VOUCHER_9500,SEASHELLS,693,1
16800,,SUBMISSION,VOLCANIC_ROCK_VOUCHER_9500,SEASHELLS,693,13
16900,,SUBMISSION,VOLCANIC_ROCK,SEASHELLS,10193,111
16900,,SUBMISSION,VOLCANIC_ROCK,SEASHELLS,10193,73
16900,,SUBMISSION,VOLCANIC_ROCK_VOUCHER_10000,SEASHELLS,213,19
16900,,SUBMISSION,VOLCANIC_ROCK_VOUCHER_10000,SEASHELLS,213,1
16900,,SUBMISSION,VOLCANIC_ROCK_VOUCHER_9500,SEASHELLS,694,19
16900,,SUBMISSION,VOLCANIC_ROCK_VOUCHER_9500,SEASHELLS,694,1
16900,,SUBMISSION,VOLCANIC_ROCK_VOUCHER_9750,SEASHELLS,445,19
16900,,SUBMISSION,VOLCANIC_ROCK_VOUCHER_9750,SEASHELLS,445,1
16900,,,CROISSANTS,SEASHELLS,4265,6
17000,,SUBMISSION,VOLCANIC_ROCK,SEASHELLS,10195,102
17000,,SUBMISSION,VOLCANIC_ROCK,SEASHELLS,10194,75
17000,,SUBMISSION,VOLCANIC_ROCK_VOUCHER_10000,SEASHELLS,213,18
17000,,SUBMISSION,VOLCANIC_ROCK_VOUCHER_10000,SEASHELLS,213,2
17000,,SUBMISSION,VOLCANIC_ROCK_VOUCHER_10250,SEASHELLS,53,18
17000,,SUBMISSION,VOLCANIC_ROCK_VOUCHER_10250,SEASHELLS,53,2
17000,,SUBMISSION,VOLCANIC_ROCK_VOUCHER_10500,SEASHELLS,7,18
17000,,SUBMISSION,VOLCANIC_ROCK_VOUCHER_10500,SEASHELLS,7,2
17000,,SUBMISSION,VOLCANIC_ROCK_VOUCHER_9500,SEASHELLS,695,18
17000,,SUBMISSION,VOLCANIC_ROCK_VOUCHER_9500,SEASHELLS,695,2
17000,,SUBMISSION,VOLCANIC_ROCK_VOUCHER_9750,SEASHELLS,447,18
17000,,SUBMISSION,VOLCANIC_ROCK_VOUCHER_9750,SEASHELLS,447,2
17000,,,DJEMBES,SEASHELLS,13427,2
17100,,SUBMISSION,PICNIC_BASKET1,SEASHELLS,58786,2
17100,,SUBMISSION,PICNIC_BASKET1,SEASHELLS,58785,16
17100,,SUBMISSION,PICNIC_BASKET1,SEASHELLS,58784,19
17100,,SUBMISSION,VOLCANIC_ROCK,SEASHELLS,10194,148
17100,,SUBMISSION,VOLCANIC_ROCK,SEASHELLS,10193,64
17100,,SUBMISSION,VOLCANIC_ROCK_VOUCHER_10250,SEASHELLS,53,16
17100,,SUBMISSION,VOLCANIC_ROCK_VOUCHER_10250,SEASHELLS,53,2
17100,,SUBMISSION,VOLCANIC_ROCK_VOUCHER_9500,SEASHELLS,695,16
17100,,SUBMISSION,VOLCANIC_ROCK_VOUCHER_9500,SEASHELLS,695,2
17100,,SUBMISSION,VOLCANIC_ROCK_VOUCHER_9750,SEASHELLS,446,16
17100,,SUBMISSION,VOLCANIC_ROCK_VOUCHER_9750,SEASHELLS,446,2
17100,,,KELP,SEASHELLS,2048,2
17100,,,SQUID_INK,SEASHELLS,1806,2
17200,SUBMISSION,,KELP,SEASHELLS,2046,6
17200,,SUBMISSION,PICNIC_BASKET1,SEASHELLS,58787,1
17200,,SUBMISSION,PICNIC_BASKET1,SEASHELLS,58786,19
17200,,SUBMISSION,PICNIC_BASKET1,SEASHELLS,58785,15
17200,SUBMISSION,,RAINFOREST_RESIN,SEASHELLS,9999,1
17200,SUBMISSION,,SQUID_INK,SEASHELLS,1803,6
17200,SUBMISSION,,SQUID_INK,SEASHELLS,1805,24
17200,SUBMISSION,,SQUID_INK,SEASHELLS,1805,1
17200,,SUBMISSION,VOLCANIC_ROCK,SEASHELLS,10194,103
17200,,SUBMISSION,VOLCANIC_ROCK,SEASHELLS,10193,70
17200,,SUBMISSION,VOLCANIC_ROCK_VOUCHER_10000,SEASHELLS,211,19
17200,,SUBMISSION,VOLCANIC_ROCK_VOUCHER_10000,SEASHELLS,211,1
17200,,SUBMISSION,VOLCANIC_ROCK_VOUCHER_10000,SEASHELLS,211,16
17200,,SUBMISSION,VOLCANIC_ROCK_VOUCHER_10250,SEASHELLS,53,19
17200,,SUBMISSION,VOLCANIC_ROCK_VOUCHER_10250,SEASHELLS,53,1
17200,,SUBMISSION,VOLCANIC_ROCK_VOUCHER_10250,SEASHELLS,53,16
17200,,SUBMISSION,VOLCANIC_ROCK_VOUCHER_9500,SEASHELLS,694,19
17200,,SUBMISSION,VOLCANIC_ROCK_VOUCHER_9500,SEASHELLS,694,1
17200,,SUBMISSION,VOLCANIC_ROCK_VOUCHER_9500,SEASHELLS,694,16
17200,,SUBMISSION,VOLCANIC_ROCK_VOUCHER_9750,SEASHELLS,445,19
17200,,SUBMISSION,VOLCANIC_ROCK_VOUCHER_9750,SEASHELLS,445,1
17200,,SUBMISSION,VOLCANIC_ROCK_VOUCHER_9750,SEASHELLS,445,16
17300,,SUBMISSION,PICNIC_BASKET1,SEASHELLS,58784,27
17300,,SUBMISSION,PICNIC_BASKET1,SEASHELLS,58784,12
17300,,SUBMISSION,RAINFOREST_RESIN,SEASHELLS,10001,1
17300,SUBMISSION,,SQUID_INK,SEASHELLS,1804,28
17300,,SUBMISSION,VOLCANIC_ROCK,SEASHELLS,10194,54
17300,,SUBMISSION,VOLCANIC_ROCK_VOUCHER_10000,SEASHELLS,215,12
17300,,SUBMISSION,VOLCANIC_ROCK_VOUCHER_10250,SEASHELLS,53,12
17300,,SUBMISSION,VOLCANIC_ROCK_VOUCHER_9500,SEASHELLS,695,12
17300,,SUBMISSION,VOLCANIC_ROCK_VOUCHER_9750,SEASHELLS,446,12
17300,,,JAMS,SEASHELLS,6532,11
17300,,,RAINFOREST_RESIN,SEASHELLS,9992,2
17400,SUBMISSION,,SQUID_INK,SEASHELLS,1801,18
17400,,SUBMISSION,VOLCANIC_ROCK_VOUCHER_10250,SEASHELLS,53,12
17400,,SUBMISSION,VOLCANIC_ROCK_VOUCHER_9500,SEASHELLS,694,12
17400,,SUBMISSION,VOLCANIC_ROCK_VOUCHER_9750,SEASHELLS,446,12
17500,,SUBMISSION,KELP,SEASHELLS,2047,1
17500,,SUBMISSION,VOLCANIC_ROCK_VOUCHER_10000,SEASHELLS,216,19
17500,,SUBMISSION,VOLCANIC_ROCK_VOUCHER_10000,SEASHELLS,216,1
17500,,SUBMISSION,VOLCANIC_ROCK_VOUCHER_10250,SEASHELLS,55,19
17500,,SUBMISSION,VOLCANIC_ROCK_VOUCHER_10250,SEASHELLS,55,1
17500,,SUBMISSION,VOLCANIC_ROCK_VOUCHER_10500,SEASHELLS,7,19
17500,,SUBMISSION,VOLCANIC_ROCK_VOUCHER_10500,SEASHELLS,7,1
17500,,SUBMISSION,VOLCANIC_ROCK_VOUCHER_9500,SEASHELLS,699,19
17500,,SUBMISSION,VOLCANIC_ROCK_VOUCHER_9500,SEASHELLS,699,1
17500,,SUBMISSION,VOLCANIC_ROCK_VOUCHER_9750,SEASHELLS,450,19
17500,,SUBMISSION,VOLCANIC_ROCK_VOUCHER_9750,SEASHELLS,450,1
17600,SUBMISSION,,PICNIC_BASKET1,SEASHELLS,58781,2
17600,SUBMISSION,,PICNIC_BASKET1,SEASHELLS,58782,16
17600,,,CROISSANTS,SEASHELLS,4264,6
17600,,,VOLCANIC_ROCK_VOUCHER_10000,SEASHELLS,218,16
17600,,,VOLCANIC_ROCK_VOUCHER_10000,SEASHELLS,218,2
17600,,,VOLCANIC_ROCK_VOUCHER_10250,SEASHELLS,55,16
17600,,,VOLCANIC_ROCK_VOUCHER_10250,SEASHELLS,55,2
17600,,,VOLCANIC_ROCK_VOUCHER_10500,SEASHELLS,7,16
17600,,,VOLCANIC_ROCK_VOUCHER_10500,SEASHELLS,7,2
17600,,,VOLCANIC_ROCK_VOUCHER_9500,SEASHELLS,700,16
17600,,,VOLCANIC_ROCK_VOUCHER_9500,SEASHELLS,700,2
17600,,,VOLCANIC_ROCK_VOUCHER_9750,SEASHELLS,452,16
17600,,,VOLCANIC_ROCK_VOUCHER_9750,SEASHELLS,452,2
17700,SUBMISSION,,PICNIC_BASKET1,SEASHELLS,58780,13
17700,SUBMISSION,,PICNIC_BASKET1,SEASHELLS,58781,28
17700,,SUBMISSION,VOLCANIC_ROCK_VOUCHER_10000,SEASHELLS,215,13
17700,,SUBMISSION,VOLCANIC_ROCK_VOUCHER_10250,SEASHELLS,55,13
17700,,SUBMISSION,VOLCANIC_ROCK_VOUCHER_10500,SEASHELLS,7,13
17700,,SUBMISSION,VOLCANIC_ROCK_VOUCHER_9500,SEASHELLS,700,13
17700,,SUBMISSION,VOLCANIC_ROCK_VOUCHER_9750,SEASHELLS,452,13
17700,,,JAMS,SEASHELLS,6532,8
17700,,,JAMS,SEASHELLS,6533,10
17800,SUBMISSION,,PICNIC_BASKET1,SEASHELLS,58778,20
17800,SUBMISSION,,PICNIC_BASKET1,SEASHELLS,58779,30
17800,,SUBMISSION,VOLCANIC_ROCK_VOUCHER_10000,SEASHELLS,217,20
17800,,SUBMISSION,VOLCANIC_ROCK_VOUCHER_10250,SEASHELLS,54,20
17800,,SUBMISSION,VOLCANIC_ROCK_VOUCHER_10500,SEASHELLS,7,20
17800,,SUBMISSION,VOLCANIC_ROCK_VOUCHER_9500,SEASHELLS,698,20
17800,,SUBMISSION,VOLCANIC_ROCK_VOUCHER_9750,SEASHELLS,450,20
17900,SUBMISSION,,PICNIC_BASKET1,SEASHELLS,58778,1
17900,SUBMISSION,,PICNIC_BASKET1,SEASHELLS,58779,1
17900,,SUBMISSION,VOLCANIC_ROCK_VOUCHER_10000,SEASHELLS,216,10
17900,,SUBMISSION,VOLCANIC_ROCK_VOUCHER_10000,SEASHELLS,216,1
17900,,SUBMISSION,VOLCANIC_ROCK_VOUCHER_10250,SEASHELLS,54,10
17900,,SUBMISSION,VOLCANIC_ROCK_VOUCHER_10250,SEASHELLS,54,1
17900,,SUBMISSION,VOLCANIC_ROCK_VOUCHER_10500,SEASHELLS,7,10
17900,,SUBMISSION,VOLCANIC_ROCK_VOUCHER_10500,SEASHELLS,7,1
17900,,SUBMISSION,VOLCANIC_ROCK_VOUCHER_9500,SEASHELLS,698,10
17900,,SUBMISSION,VOLCANIC_ROCK_VOUCHER_9500,SEASHELLS,698,1
17900,,SUBMISSION,VOLCANIC_ROCK_VOUCHER_9750,SEASHELLS,449,10
17900,,SUBMISSION,VOLCANIC_ROCK_VOUCHER_9750,SEASHELLS,449,1
17900,,,CROISSANTS,SEASHELLS,4264,8
17900,,,KELP,SEASHELLS,2047,3
17900,,,KELP,SEASHELLS,2047,1
17900,,,KELP,SEASHELLS,2045,1
17900,,,SQUID_INK,SEASHELLS,1804,3
17900,,,SQUID_INK,SEASHELLS,1804,1
17900,,,SQUID_INK,SEASHELLS,1802,1
18000,,SUBMISSION,SQUID_INK,SEASHELLS,1804,1
18000,,SUBMISSION,VOLCANIC_ROCK_VOUCHER_10000,SEASHELLS,215,17
18000,,SUBMISSION,VOLCANIC_ROCK_VOUCHER_10000,SEASHELLS,215,1
18000,,SUBMISSION,VOLCANIC_ROCK_VOUCHER_10250,SEASHELLS,54,17
18000,,SUBMISSION,VOLCANIC_ROCK_VOUCHER_10250,SEASHELLS,54,1
18000,,SUBMISSION,VOLCANIC_ROCK_VOUCHER_10500,SEASHELLS,7,17
18000,,SUBMISSION,VOLCANIC_ROCK_VOUCHER_10500,SEASHELLS,7,1
18000,,SUBMISSION,VOLCANIC_ROCK_VOUCHER_9500,SEASHELLS,699,17
18000,,SUBMISSION,VOLCANIC_ROCK_VOUCHER_9500,SEASHELLS,699,1
18000,,SUBMISSION,VOLCANIC_ROCK_VOUCHER_9750,SEASHELLS,450,17
18000,,SUBMISSION,VOLCANIC_ROCK_VOUCHER_9750,SEASHELLS,450,1
18000,,,JAMS,SEASHELLS,6531,8
18100,SUBMISSION,,DJEMBES,SEASHELLS,13426,21
18100,,SUBMISSION,SQUID_INK,SEASHELLS,1804,1
18100,,SUBMISSION,VOLCANIC_ROCK_VOUCHER_10000,SEASHELLS,217,14
18100,,SUBMISSION,VOLCANIC_ROCK_VOUCHER_10000,SEASHELLS,217,1
18100,,SUBMISSION,VOLCANIC_ROCK_VOUCHER_10250,SEASHELLS,55,14
18100,,SUBMISSION,VOLCANIC_ROCK_VOUCHER_10250,SEASHELLS,55,1
18100,,SUBMISSION,VOLCANIC_ROCK_VOUCHER_10500,SEASHELLS,7,14
18100,,SUBMISSION,VOLCANIC_ROCK_VOUCHER_10500,SEASHELLS,7,1
18100,,SUBMISSION,VOLCANIC_ROCK_VOUCHER_9500,SEASHELLS,701,14
18100,,SUBMISSION,VOLCANIC_ROCK_VOUCHER_9500,SEASHELLS,701,1
18100,,SUBMISSION,VOLCANIC_ROCK_VOUCHER_9750,SEASHELLS,453,14
18100,,SUBMISSION,VOLCANIC_ROCK_VOUCHER_9750,SEASHELLS,453,1
18200,SUBMISSION,,SQUID_INK,SEASHELLS,1795,2
18200,,SUBMISSION,VOLCANIC_ROCK_VOUCHER_10000,SEASHELLS,220,12
18200,,SUBMISSION,VOLCANIC_ROCK_VOUCHER_10000,SEASHELLS,220,1
18200,,SUBMISSION,VOLCANIC_ROCK_VOUCHER_10250,SEASHELLS,56,12
18200,,SUBMISSION,VOLCANIC_ROCK_VOUCHER_10250,SEASHELLS,56,1
18200,,SUBMISSION,VOLCANIC_ROCK_VOUCHER_10500,SEASHELLS,7,12
18200,,SUBMISSION,VOLCANIC_ROCK_VOUCHER_10500,SEASHELLS,7,1
18200,,SUBMISSION,VOLCANIC_ROCK_VOUCHER_9500,SEASHELLS,704,1
18200,,SUBMISSION,VOLCANIC_ROCK_VOUCHER_9500,SEASHELLS,703,12
18200,,SUBMISSION,VOLCANIC_ROCK_VOUCHER_9750,SEASHELLS,455,12
18200,,SUBMISSION,VOLCANIC_ROCK_VOUCHER_9750,SEASHELLS,455,1
18300,SUBMISSION,,DJEMBES,SEASHELLS,13426,26
18300,SUBMISSION,,DJEMBES,SEASHELLS,13426,46
18300,,SUBMISSION,KELP,SEASHELLS,2047,1
18300,,SUBMISSION,VOLCANIC_ROCK_VOUCHER_10000,SEASHELLS,217,14
18300,,SUBMISSION,VOLCANIC_ROCK_VOUCHER_10000,SEASHELLS,217,1
18300,,SUBMISSION,VOLCANIC_ROCK_VOUCHER_10250,SEASHELLS,55,14
18300,,SUBMISSION,VOLCANIC_ROCK_VOUCHER_10250,SEASHELLS,55,1
18300,,SUBMISSION,VOLCANIC_ROCK_VOUCHER_9500,SEASHELLS,701,14
18300,,SUBMISSION,VOLCANIC_ROCK_VOUCHER_9500,SEASHELLS,701,1
18300,,SUBMISSION,VOLCANIC_ROCK_VOUCHER_9750,SEASHELLS,452,14
18300,,SUBMISSION,VOLCANIC_ROCK_VOUCHER_9750,SEASHELLS,452,1
18300,,,JAMS,SEASHELLS,6531,8
18300,,,SQUID_INK,SEASHELLS,1799,1
18400,SUBMISSION,,DJEMBES,SEASHELLS,13425,7
18400,SUBMISSION,,DJEMBES,SEASHELLS,13426,17
18400,SUBMISSION,,DJEMBES,SEASHELLS,13426,3
18400,SUBMISSION,,VOLCANIC_ROCK_VOUCHER_10000,SEASHELLS,214,11
18400,SUBMISSION,,VOLCANIC_ROCK_VOUCHER_10000,SEASHELLS,214,1
18400,,SUBMISSION,VOLCANIC_ROCK_VOUCHER_9500,SEASHELLS,698,11
18400,,SUBMISSION,VOLCANIC_ROCK_VOUCHER_9500,SEASHELLS,698,1
18400,,SUBMISSION,VOLCANIC_ROCK_VOUCHER_9750,SEASHELLS,449,11
18400,,SUBMISSION,VOLCANIC_ROCK_VOUCHER_9750,SEASHELLS,449,1
18500,,SUBMISSION,VOLCANIC_ROCK_VOUCHER_10000,SEASHELLS,215,16
18500,,SUBMISSION,VOLCANIC_ROCK_VOUCHER_10000,SEASHELLS,215,1
18500,,SUBMISSION,VOLCANIC_ROCK_VOUCHER_9500,SEASHELLS,698,16
18500,,SUBMISSION,VOLCANIC_ROCK_VOUCHER_9500,SEASHELLS,698,1
18500,,SUBMISSION,VOLCANIC_ROCK_VOUCHER_9750,SEASHELLS,450,16
18500,,SUBMISSION,VOLCANIC_ROCK_VOUCHER_9750,SEASHELLS,450,1
18500,,,RAINFOREST_RESIN,SEASHELLS,9992,4
18600,SUBMISSION,,VOLCANIC_ROCK,SEASHELLS,10197,139
18600,SUBMISSION,,VOLCANIC_ROCK_VOUCHER_10000,SEASHELLS,214,11
18600,SUBMISSION,,VOLCANIC_ROCK_VOUCHER_10250,SEASHELLS,54,11
18600,SUBMISSION,,VOLCANIC_ROCK_VOUCHER_9500,SEASHELLS,697,11
18600,SUBMISSION,,VOLCANIC_ROCK_VOUCHER_9750,SEASHELLS,449,11
18700,,SUBMISSION,RAINFOREST_RESIN,SEASHELLS,10001,1
18700,,SUBMISSION,VOLCANIC_ROCK_VOUCHER_10000,SEASHELLS,215,13
18800,,SUBMISSION,PICNIC_BASKET2,SEASHELLS,30092,15
18800,,SUBMISSION,PICNIC_BASKET2,SEASHELLS,30092,2
18800,,SUBMISSION,VOLCANIC_ROCK,SEASHELLS,10202,138
18800,,SUBMISSION,VOLCANIC_ROCK,SEASHELLS,10201,1
18800,,SUBMISSION,VOLCANIC_ROCK_VOUCHER_10000,SEASHELLS,220,15
18800,,SUBMISSION,VOLCANIC_ROCK_VOUCHER_10000,SEASHELLS,220,2
18800,,SUBMISSION,VOLCANIC_ROCK_VOUCHER_10250,SEASHELLS,56,15
18800,,SUBMISSION,VOLCANIC_ROCK_VOUCHER_10250,SEASHELLS,56,2
18800,,SUBMISSION,VOLCANIC_ROCK_VOUCHER_9500,SEASHELLS,702,15
18800,,SUBMISSION,VOLCANIC_ROCK_VOUCHER_9500,SEASHELLS,702,2
18800,,SUBMISSION,VOLCANIC_ROCK_VOUCHER_9750,SEASHELLS,454,15
18800,,SUBMISSION,VOLCANIC_ROCK_VOUCHER_9750,SEASHELLS,454,2
18900,,SUBMISSION,PICNIC_BASKET2,SEASHELLS,30094,27
18900,,SUBMISSION,PICNIC_BASKET2,SEASHELLS,30094,16
18900,,SUBMISSION,VOLCANIC_ROCK_VOUCHER_10000,SEASHELLS,216,16
18900,,SUBMISSION,VOLCANIC_ROCK_VOUCHER_10250,SEASHELLS,55,16
18900,,SUBMISSION,VOLCANIC_ROCK_VOUCHER_9500,SEASHELLS,701,16
18900,,SUBMISSION,VOLCANIC_ROCK_VOUCHER_9750,SEASHELLS,452,16
19000,,SUBMISSION,CROISSANTS,SEASHELLS,4265,53
19000,,SUBMISSION,CROISSANTS,SEASHELLS,4265,81
19000,,SUBMISSION,PICNIC_BASKET2,SEASHELLS,30100,1
19000,,SUBMISSION,PICNIC_BASKET2,SEASHELLS,30099,18
19000,,SUBMISSION,PICNIC_BASKET2,SEASHELLS,30099,11
19000,,SUBMISSION,VOLCANIC_ROCK_VOUCHER_10000,SEASHELLS,216,11
19000,,SUBMISSION,VOLCANIC_ROCK_VOUCHER_10000,SEASHELLS,216,1
19000,,SUBMISSION,VOLCANIC_ROCK_VOUCHER_10250,SEASHELLS,55,11
19000,,SUBMISSION,VOLCANIC_ROCK_VOUCHER_10250,SEASHELLS,55,1
19000,,SUBMISSION,VOLCANIC_ROCK_VOUCHER_9500,SEASHELLS,701,11
19000,,SUBMISSION,VOLCANIC_ROCK_VOUCHER_9500,SEASHELLS,701,1
19000,,SUBMISSION,VOLCANIC_ROCK_VOUCHER_9750,SEASHELLS,453,11
19000,,SUBMISSION,VOLCANIC_ROCK_VOUCHER_9750,SEASHELLS,453,1
19100,,SUBMISSION,CROISSANTS,SEASHELLS,4265,63
19100,,SUBMISSION,CROISSANTS,SEASHELLS,4265,5
19100,,SUBMISSION,PICNIC_BASKET2,SEASHELLS,30095,10
19100,,SUBMISSION,PICNIC_BASKET2,SEASHELLS,30095,1
19100,,SUBMISSION,PICNIC_BASKET2,SEASHELLS,30095,0
19100,,SUBMISSION,PICNIC_BASKET2,SEASHELLS,30094,25
19100,SUBMISSION,,VOLCANIC_ROCK_VOUCHER_10000,SEASHELLS,215,10
19100,SUBMISSION,,VOLCANIC_ROCK_VOUCHER_10000,SEASHELLS,215,1
19100,,SUBMISSION,VOLCANIC_ROCK_VOUCHER_10250,SEASHELLS,55,10
19100,,SUBMISSION,VOLCANIC_ROCK_VOUCHER_10250,SEASHELLS,55,1
19100,,SUBMISSION,VOLCANIC_ROCK_VOUCHER_9500,SEASHELLS,701,10
19100,,SUBMISSION,VOLCANIC_ROCK_VOUCHER_9500,SEASHELLS,701,1
19100,,SUBMISSION,VOLCANIC_ROCK_VOUCHER_9750,SEASHELLS,452,10
19100,,SUBMISSION,VOLCANIC_ROCK_VOUCHER_9750,SEASHELLS,452,1
19100,,,CROISSANTS,SEASHELLS,4265,0
19100,,,CROISSANTS,SEASHELLS,4264,8
19100,,,JAMS,SEASHELLS,6533,5
19200,SUBMISSION,,KELP,SEASHELLS,2046,5
19200,,SUBMISSION,PICNIC_BASKET2,SEASHELLS,30093,26
19200,,SUBMISSION,PICNIC_BASKET2,SEASHELLS,30093,14
19200,,SUBMISSION,VOLCANIC_ROCK_VOUCHER_10000,SEASHELLS,219,14
19200,,SUBMISSION,VOLCANIC_ROCK_VOUCHER_9500,SEASHELLS,700,14
19200,,SUBMISSION,VOLCANIC_ROCK_VOUCHER_9750,SEASHELLS,452,14
19200,,,JAMS,SEASHELLS,6532,3
19200,,,JAMS,SEASHELLS,6534,9
19300,,SUBMISSION,CROISSANTS,SEASHELLS,4265,63
19300,,SUBMISSION,DJEMBES,SEASHELLS,13426,29
19300,,SUBMISSION,DJEMBES,SEASHELLS,13426,39
19300,,SUBMISSION,PICNIC_BASKET1,SEASHELLS,58766,1
19300,,SUBMISSION,PICNIC_BASKET2,SEASHELLS,30099,1
19300,,SUBMISSION,PICNIC_BASKET2,SEASHELLS,30097,2
19300,,SUBMISSION,PICNIC_BASKET2,SEASHELLS,30096,29
19300,,SUBMISSION,PICNIC_BASKET2,SEASHELLS,30096,2
19300,SUBMISSION,,VOLCANIC_ROCK,SEASHELLS,10199,101
19300,SUBMISSION,,VOLCANIC_ROCK_VOUCHER_10000,SEASHELLS,216,13
19300,SUBMISSION,,VOLCANIC_ROCK_VOUCHER_10000,SEASHELLS,216,2
19300,SUBMISSION,,VOLCANIC_ROCK_VOUCHER_10250,SEASHELLS,55,13
19300,SUBMISSION,,VOLCANIC_ROCK_VOUCHER_10250,SEASHELLS,55,2
19300,SUBMISSION,,VOLCANIC_ROCK_VOUCHER_9500,SEASHELLS,699,2
19300,SUBMISSION,,VOLCANIC_ROCK_VOUCHER_9750,SEASHELLS,451,13
19300,SUBMISSION,,VOLCANIC_ROCK_VOUCHER_9750,SEASHELLS,451,2
19400,,SUBMISSION,VOLCANIC_ROCK_VOUCHER_10000,SEASHELLS,219,12
19400,,SUBMISSION,VOLCANIC_ROCK_VOUCHER_10000,SEASHELLS,219,2
19400,,SUBMISSION,VOLCANIC_ROCK_VOUCHER_10000,SEASHELLS,219,12
19400,,SUBMISSION,VOLCANIC_ROCK_VOUCHER_9500,SEASHELLS,701,12
19400,,SUBMISSION,VOLCANIC_ROCK_VOUCHER_9500,SEASHELLS,701,2
19400,,SUBMISSION,VOLCANIC_ROCK_VOUCHER_9500,SEASHELLS,701,12
19400,,SUBMISSION,VOLCANIC_ROCK_VOUCHER_9750,SEASHELLS,452,12
19400,,SUBMISSION,VOLCANIC_ROCK_VOUCHER_9750,SEASHELLS,452,2
19400,,SUBMISSION,VOLCANIC_ROCK_VOUCHER_9750,SEASHELLS,452,12
19500,,SUBMISSION,PICNIC_BASKET1,SEASHELLS,58764,5
19500,,SUBMISSION,VOLCANIC_ROCK,SEASHELLS,10202,101
19500,,SUBMISSION,VOLCANIC_ROCK_VOUCHER_10000,SEASHELLS,218,16
19500,,SUBMISSION,VOLCANIC_ROCK_VOUCHER_10000,SEASHELLS,218,2
19500,,SUBMISSION,VOLCANIC_ROCK_VOUCHER_10250,SEASHELLS,56,16
19500,,SUBMISSION,VOLCANIC_ROCK_VOUCHER_10250,SEASHELLS,56,2
19500,,SUBMISSION,VOLCANIC_ROCK_VOUCHER_9500,SEASHELLS,703,14
19500,,SUBMISSION,VOLCANIC_ROCK_VOUCHER_9750,SEASHELLS,454,16
19500,,SUBMISSION,VOLCANIC_ROCK_VOUCHER_9750,SEASHELLS,454,2
19500,,,KELP,SEASHELLS,2045,1
19500,,,SQUID_INK,SEASHELLS,1792,1
19600,,SUBMISSION,VOLCANIC_ROCK_VOUCHER_10000,SEASHELLS,222,12
19600,,SUBMISSION,VOLCANIC_ROCK_VOUCHER_10000,SEASHELLS,222,12
19600,,SUBMISSION,VOLCANIC_ROCK_VOUCHER_10250,SEASHELLS,56,12
19600,,SUBMISSION,VOLCANIC_ROCK_VOUCHER_10250,SEASHELLS,56,12
19600,,SUBMISSION,VOLCANIC_ROCK_VOUCHER_9750,SEASHELLS,454,12
19600,,SUBMISSION,VOLCANIC_ROCK_VOUCHER_9750,SEASHELLS,454,12
19700,,SUBMISSION,DJEMBES,SEASHELLS,13431,27
19700,,SUBMISSION,DJEMBES,SEASHELLS,13431,25
19700,,SUBMISSION,RAINFOREST_RESIN,SEASHELLS,10001,1
19700,SUBMISSION,,VOLCANIC_ROCK_VOUCHER_10500,SEASHELLS,7,1
19700,,,RAINFOREST_RESIN,SEASHELLS,10008,5
19700,,,VOLCANIC_ROCK_VOUCHER_10000,SEASHELLS,219,11
19700,,,VOLCANIC_ROCK_VOUCHER_10250,SEASHELLS,56,11
19700,,,VOLCANIC_ROCK_VOUCHER_10500,SEASHELLS,7,11
19700,,,VOLCANIC_ROCK_VOUCHER_9500,SEASHELLS,702,11
19700,,,VOLCANIC_ROCK_VOUCHER_9750,SEASHELLS,453,11
19800,,SUBMISSION,PICNIC_BASKET1,SEASHELLS,58766,1
19800,,SUBMISSION,PICNIC_BASKET1,SEASHELLS,58765,13
19800,,SUBMISSION,PICNIC_BASKET1,SEASHELLS,58764,26
19800,,SUBMISSION,VOLCANIC_ROCK_VOUCHER_10000,SEASHELLS,221,13
19800,,SUBMISSION,VOLCANIC_ROCK_VOUCHER_10000,SEASHELLS,221,1
19800,,SUBMISSION,VOLCANIC_ROCK_VOUCHER_10250,SEASHELLS,57,13
19800,,SUBMISSION,VOLCANIC_ROCK_VOUCHER_10250,SEASHELLS,57,1
19800,,SUBMISSION,VOLCANIC_ROCK_VOUCHER_9750,SEASHELLS,455,13
19800,,SUBMISSION,VOLCANIC_ROCK_VOUCHER_9750,SEASHELLS,455,1
19900,,SUBMISSION,PICNIC_BASKET1,SEASHELLS,58769,1
19900,,SUBMISSION,PICNIC_BASKET1,SEASHELLS,58768,13
19900,,SUBMISSION,PICNIC_BASKET1,SEASHELLS,58767,28
19900,,SUBMISSION,VOLCANIC_ROCK_VOUCHER_10000,SEASHELLS,221,13
19900,,SUBMISSION,VOLCANIC_ROCK_VOUCHER_10000,SEASHELLS,221,1
19900,,SUBMISSION,VOLCANIC_ROCK_VOUCHER_10250,SEASHELLS,56,13
19900,,SUBMISSION,VOLCANIC_ROCK_VOUCHER_10250,SEASHELLS,56,1
19900,,SUBMISSION,VOLCANIC_ROCK_VOUCHER_9750,SEASHELLS,455,2
20000,SUBMISSION,,CROISSANTS,SEASHELLS,4264,47
20000,,SUBMISSION,PICNIC_BASKET1,SEASHELLS,58767,2
20000,,SUBMISSION,PICNIC_BASKET1,SEASHELLS,58766,29
20000,,SUBMISSION,PICNIC_BASKET1,SEASHELLS,58766,1
20000,,SUBMISSION,VOLCANIC_ROCK_VOUCHER_10000,SEASHELLS,218,15
20000,,SUBMISSION,VOLCANIC_ROCK_VOUCHER_10000,SEASHELLS,218,2
20000,,SUBMISSION,VOLCANIC_ROCK_VOUCHER_10250,SEASHELLS,56,15
20000,,SUBMISSION,VOLCANIC_ROCK_VOUCHER_10250,SEASHELLS,56,2
20100,SUBMISSION,,CROISSANTS,SEASHELLS,4264,45
20100,SUBMISSION,,CROISSANTS,SEASHELLS,4264,68
20100,,SUBMISSION,VOLCANIC_ROCK_VOUCHER_10000,SEASHELLS,220,11
20100,,SUBMISSION,VOLCANIC_ROCK_VOUCHER_10000,SEASHELLS,220,2
20100,,SUBMISSION,VOLCANIC_ROCK_VOUCHER_10250,SEASHELLS,56,11
20100,,SUBMISSION,VOLCANIC_ROCK_VOUCHER_10250,SEASHELLS,56,2
20200,SUBMISSION,,CROISSANTS,SEASHELLS,4264,39
20200,SUBMISSION,,CROISSANTS,SEASHELLS,4264,61
20200,,SUBMISSION,RAINFOREST_RESIN,SEASHELLS,10001,1
20200,,SUBMISSION,VOLCANIC_ROCK_VOUCHER_10250,SEASHELLS,56,12
20200,,,PICNIC_BASKET1,SEASHELLS,58784,7
20300,SUBMISSION,,CROISSANTS,SEASHELLS,4264,5
20300,,SUBMISSION,VOLCANIC_ROCK_VOUCHER_10000,SEASHELLS,218,12
20400,SUBMISSION,,PICNIC_BASKET2,SEASHELLS,30094,11
20400,SUBMISSION,,PICNIC_BASKET2,SEASHELLS,30094,2
20400,SUBMISSION,,VOLCANIC_ROCK,SEASHELLS,10201,124
20400,SUBMISSION,,VOLCANIC_ROCK_VOUCHER_10000,SEASHELLS,216,11
20400,SUBMISSION,,VOLCANIC_ROCK_VOUCHER_10000,SEASHELLS,216,2
20400,SUBMISSION,,VOLCANIC_ROCK_VOUCHER_9500,SEASHELLS,701,11
20400,SUBMISSION,,VOLCANIC_ROCK_VOUCHER_9500,SEASHELLS,701,2
20400,SUBMISSION,,VOLCANIC_ROCK_VOUCHER_9750,SEASHELLS,453,11
20400,SUBMISSION,,VOLCANIC_ROCK_VOUCHER_9750,SEASHELLS,453,2
20500,,SUBMISSION,KELP,SEASHELLS,2047,1
20500,SUBMISSION,,PICNIC_BASKET2,SEASHELLS,30090,1
20500,SUBMISSION,,PICNIC_BASKET2,SEASHELLS,30091,23
20500,SUBMISSION,,PICNIC_BASKET2,SEASHELLS,30091,16
20500,,SUBMISSION,VOLCANIC_ROCK,SEASHELLS,10203,124
20500,SUBMISSION,,VOLCANIC_ROCK_VOUCHER_10000,SEASHELLS,218,16
20500,SUBMISSION,,VOLCANIC_ROCK_VOUCHER_10000,SEASHELLS,218,1
20500,,SUBMISSION,VOLCANIC_ROCK_VOUCHER_10250,SEASHELLS,56,16
20500,,SUBMISSION,VOLCANIC_ROCK_VOUCHER_10250,SEASHELLS,56,1
20500,,SUBMISSION,VOLCANIC_ROCK_VOUCHER_9500,SEASHELLS,703,13
20500,,SUBMISSION,VOLCANIC_ROCK_VOUCHER_9750,SEASHELLS,454,13
20500,,,JAMS,SEASHELLS,6533,10
20600,SUBMISSION,,PICNIC_BASKET2,SEASHELLS,30095,18
20600,SUBMISSION,,PICNIC_BASKET2,SEASHELLS,30095,20
20600,,,KELP,SEASHELLS,2045,1
20600,,,SQUID_INK,SEASHELLS,1795,1
20700,,SUBMISSION,SQUID_INK,SEASHELLS,1797,20
20700,SUBMISSION,,VOLCANIC_ROCK,SEASHELLS,10202,102
20700,SUBMISSION,,VOLCANIC_ROCK_VOUCHER_9500,SEASHELLS,702,12
20700,,,JAMS,SEASHELLS,6534,6
20700,,,RAINFOREST_RESIN,SEASHELLS,9992,2
20800,,SUBMISSION,CROISSANTS,SEASHELLS,4265,41
20800,,SUBMISSION,SQUID_INK,SEASHELLS,1797,22
20800,,SUBMISSION,SQUID_INK,SEASHELLS,1797,1
20800,SUBMISSION,,VOLCANIC_ROCK,SEASHELLS,10202,128
20800,SUBMISSION,,VOLCANIC_ROCK_VOUCHER_10000,SEASHELLS,218,19
20800,SUBMISSION,,VOLCANIC_ROCK_VOUCHER_10000,SEASHELLS,218,1
20800,SUBMISSION,,VOLCANIC_ROCK_VOUCHER_10250,SEASHELLS,56,19
20800,SUBMISSION,,VOLCANIC_ROCK_VOUCHER_10250,SEASHELLS,56,1
20800,,,CROISSANTS,SEASHELLS,4264,5
20900,,SUBMISSION,CROISSANTS,SEASHELLS,4265,43
20900,,SUBMISSION,CROISSANTS,SEASHELLS,4265,60
20900,SUBMISSION,,JAMS,SEASHELLS,6533,60
20900,SUBMISSION,,JAMS,SEASHELLS,6533,107
20900,,SUBMISSION,PICNIC_BASKET2,SEASHELLS,30096,14
20900,,SUBMISSION,PICNIC_BASKET2,SEASHELLS,30096,1
20900,,SUBMISSION,SQUID_INK,SEASHELLS,1797,28
20900,,SUBMISSION,SQUID_INK,SEASHELLS,1797,1
20900,SUBMISSION,,VOLCANIC_ROCK,SEASHELLS,10202,123
20900,SUBMISSION,,VOLCANIC_ROCK_VOUCHER_10000,SEASHELLS,218,14
20900,SUBMISSION,,VOLCANIC_ROCK_VOUCHER_10000,SEASHELLS,218,1
20900,,,KELP,SEASHELLS,2045,11
21000,,SUBMISSION,CROISSANTS,SEASHELLS,4265,59
21000,,SUBMISSION,CROISSANTS,SEASHELLS,4265,59
21000,,SUBMISSION,PICNIC_BASKET2,SEASHELLS,30099,11
21000,,SUBMISSION,PICNIC_BASKET2,SEASHELLS,30099,2
21000,,SUBMISSION,PICNIC_BASKET2,SEASHELLS,30099,0
21000,,SUBMISSION,PICNIC_BASKET2,SEASHELLS,30098,15
21000,,SUBMISSION,SQUID_INK,SEASHELLS,1798,28
21000,SUBMISSION,,VOLCANIC_ROCK,SEASHELLS,10202,146
21000,SUBMISSION,,VOLCANIC_ROCK_VOUCHER_10000,SEASHELLS,218,2
21000,SUBMISSION,,VOLCANIC_ROCK_VOUCHER_10250,SEASHELLS,56,11
21000,SUBMISSION,,VOLCANIC_ROCK_VOUCHER_10250,SEASHELLS,56,2
21000,SUBMISSION,,VOLCANIC_ROCK_VOUCHER_9500,SEASHELLS,702,11
21000,SUBMISSION,,VOLCANIC_ROCK_VOUCHER_9500,SEASHELLS,702,2
21000,SUBMISSION,,VOLCANIC_ROCK_VOUCHER_9750,SEASHELLS,453,11
21000,SUBMISSION,,VOLCANIC_ROCK_VOUCHER_9750,SEASHELLS,453,2
21000,,,RAINFOREST_RESIN,SEASHELLS,9992,2
21100,,SUBMISSION,CROISSANTS,SEASHELLS,4265,60
21100,,SUBMISSION,PICNIC_BASKET2,SEASHELLS,30097,2
21100,,SUBMISSION,PICNIC_BASKET2,SEASHELLS,30096,17
21100,,SUBMISSION,PICNIC_BASKET2,SEASHELLS,30096,20
21100,,SUBMISSION,VOLCANIC_ROCK_VOUCHER_10000,SEASHELLS,219,20
21100,,SUBMISSION,VOLCANIC_ROCK_VOUCHER_10000,SEASHELLS,219,2
21100,,SUBMISSION,VOLCANIC_ROCK_VOUCHER_9500,SEASHELLS,703,20
21100,,SUBMISSION,VOLCANIC_ROCK_VOUCHER_9500,SEASHELLS,703,2
21100,,SUBMISSION,VOLCANIC_ROCK_VOUCHER_9750,SEASHELLS,454,13
21100,,,KELP,SEASHELLS,2045,5
21100,,,SQUID_INK,SEASHELLS,1800,5
21200,,SUBMISSION,CROISSANTS,SEASHELLS,4265,59
21200,,SUBMISSION,CROISSANTS,SEASHELLS,4265,55
21200,SUBMISSION,,JAMS,SEASHELLS,6533,55
21200,,SUBMISSION,PICNIC_BASKET2,SEASHELLS,30098,3
21200,,SUBMISSION,PICNIC_BASKET2,SEASHELLS,30096,1
21200,,SUBMISSION,VOLCANIC_ROCK,SEASHELLS,10206,6
21200,,SUBMISSION,VOLCANIC_ROCK,SEASHELLS,10206,128
21200,,SUBMISSION,VOLCANIC_ROCK,SEASHELLS,10206,0
21200,,SUBMISSION,VOLCANIC_ROCK,SEASHELLS,10205,76
21200,,SUBMISSION,VOLCANIC_ROCK_VOUCHER_10000,SEASHELLS,222,13
21200,,SUBMISSION,VOLCANIC_ROCK_VOUCHER_10000,SEASHELLS,222,1
21200,,SUBMISSION,VOLCANIC_ROCK_VOUCHER_10250,SEASHELLS,57,13
21200,,SUBMISSION,VOLCANIC_ROCK_VOUCHER_10250,SEASHELLS,57,1
21200,,SUBMISSION,VOLCANIC_ROCK_VOUCHER_9500,SEASHELLS,706,3
