timestamp,buyer,seller,symbol,currency,price,quantity
0,,,KELP,SEASHELLS,2029,13
0,,,KELP,SEASHELLS,2029,1
0,,,RAINFOREST_RESIN,SEASHELLS,10004,1
500,SUBMISSION,,RAINFOREST_RESIN,SEASHELLS,10002,4
600,SUBMISSION,,RAINFOREST_RESIN,SEASHELLS,10005,25
700,SUBMISSION,,RAINFOREST_RESIN,SEASHELLS,10005,21
1100,,,RAINFOREST_RESIN,SEASHELLS,9996,2
1300,,SUBMISSION,RAINFOREST_RESIN,SEASHELLS,10002,1
1400,,SUBMISSION,RAINFOREST_RESIN,SEASHELLS,9996,1
1500,,SUBMISSION,RAINFOREST_RESIN,SEASHELLS,9995,27
1600,,SUBMISSION,RAINFOREST_RESIN,SEASHELLS,9995,29
1700,,SUBMISSION,RAINFOREST_RESIN,SEASHELLS,9996,2
1700,,,KELP,SEASHELLS,2026,8
1700,,,RAINFOREST_RESIN,SEASHELLS,10002,1
1800,,SUBMISSION,RAINFOREST_RESIN,SEASHELLS,10002,1
1900,,SUBMISSION,RAINFOREST_RESIN,SEASHELLS,9996,1
1900,,,KELP,SEASHELLS,2026,1
2000,,SUBMISSION,RAINFOREST_RESIN,SEASHELLS,9996,2
2000,,,RAINFOREST_RESIN,SEASHELLS,9998,1
2100,,SUBMISSION,RAINFOREST_RESIN,SEASHELLS,9996,2
2200,,SUBMISSION,RAINFOREST_RESIN,SEASHELLS,9998,8
2300,,SUBMISSION,RAINFOREST_RESIN,SEASHELLS,9998,7
2400,,SUBMISSION,RAINFOREST_RESIN,SEASHELLS,9995,19
2400,,,KELP,SEASHELLS,2025,1
2900,,,RAINFOREST_RESIN,SEASHELLS,9996,1
2900,,,RAINFOREST_RESIN,SEASHELLS,9996,11
3000,,,KELP,SEASHELLS,2027,1
3000,,,RAINFOREST_RESIN,SEASHELLS,10005,1
3100,,,KELP,SEASHELLS,2023,2
3100,,,RAINFOREST_RESIN,SEASHELLS,9996,2
3200,,,KELP,SEASHELLS,2023,2
3200,,,RAINFOREST_RESIN,SEASHELLS,9996,1
3200,,,RAINFOREST_RESIN,SEASHELLS,9996,1
3600,SUBMISSION,,RAINFOREST_RESIN,SEASHELLS,9998,4
3700,,SUBMISSION,RAINFOREST_RESIN,SEASHELLS,10002,1
3800,,SUBMISSION,RAINFOREST_RESIN,SEASHELLS,9996,2
3800,,,KELP,SEASHELLS,2023,14
3800,,,KELP,SEASHELLS,2023,1
3800,,,RAINFOREST_RESIN,SEASHELLS,9995,1
3900,,SUBMISSION,RAINFOREST_RESIN,SEASHELLS,9998,1
4200,,,RAINFOREST_RESIN,SEASHELLS,9996,2
4300,SUBMISSION,,KELP,SEASHELLS,2024,5
4300,,,KELP,SEASHELLS,2025,1
4300,,,KELP,SEASHELLS,2023,2
4300,,,RAINFOREST_RESIN,SEASHELLS,9995,2
4400,SUBMISSION,,KELP,SEASHELLS,2026,30
4500,SUBMISSION,,KELP,SEASHELLS,2026,15
4500,,,KELP,SEASHELLS,2023,1
4700,,,KELP,SEASHELLS,2023,7
4800,,,KELP,SEASHELLS,2027,2
4800,,,RAINFOREST_RESIN,SEASHELLS,10004,2
5300,,,KELP,SEASHELLS,2025,1
5700,,,KELP,SEASHELLS,2024,1
6100,,,KELP,SEASHELLS,2024,1
6500,SUBMISSION,,RAINFOREST_RESIN,SEASHELLS,9998,1
6600,SUBMISSION,,RAINFOREST_RESIN,SEASHELLS,10004,2
6600,,,RAINFOREST_RESIN,SEASHELLS,10005,8
6700,SUBMISSION,,RAINFOREST_RESIN,SEASHELLS,10002,3
6700,,,RAINFOREST_RESIN,SEASHELLS,10002,3
6800,SUBMISSION,,RAINFOREST_RESIN,SEASHELLS,10004,2
6900,SUBMISSION,,RAINFOREST_RESIN,SEASHELLS,10002,5
6900,,,KELP,SEASHELLS,2026,1
6900,,,RAINFOREST_RESIN,SEASHELLS,10002,1
7000,,SUBMISSION,RAINFOREST_RESIN,SEASHELLS,9998,2
7000,,,KELP,SEASHELLS,2027,2
7000,,,RAINFOREST_RESIN,SEASHELLS,10005,2
7100,,SUBMISSION,RAINFOREST_RESIN,SEASHELLS,9996,1
7200,,SUBMISSION,RAINFOREST_RESIN,SEASHELLS,9998,5
7300,,SUBMISSION,RAINFOREST_RESIN,SEASHELLS,10002,1
7300,,,KELP,SEASHELLS,2027,2
7300,,,RAINFOREST_RESIN,SEASHELLS,10004,2
7400,,SUBMISSION,RAINFOREST_RESIN,SEASHELLS,9996,1
7400,,,KELP,SEASHELLS,2024,1
7500,,SUBMISSION,RAINFOREST_RESIN,SEASHELLS,9995,3
7700,,,KELP,SEASHELLS,2024,1
8100,,,KELP,SEASHELLS,2027,1
8100,,,RAINFOREST_RESIN,SEASHELLS,9996,1
8100,,,RAINFOREST_RESIN,SEASHELLS,9996,1
8600,,,KELP,SEASHELLS,2023,1
8800,SUBMISSION,,RAINFOREST_RESIN,SEASHELLS,9998,1
8900,SUBMISSION,,RAINFOREST_RESIN,SEASHELLS,10005,26
9000,SUBMISSION,,RAINFOREST_RESIN,SEASHELLS,10004,2
9100,SUBMISSION,,RAINFOREST_RESIN,SEASHELLS,10004,2
9200,SUBMISSION,,RAINFOREST_RESIN,SEASHELLS,10005,27
9200,,,KELP,SEASHELLS,2025,1
9300,SUBMISSION,,RAINFOREST_RESIN,SEASHELLS,10004,1
9400,SUBMISSION,,RAINFOREST_RESIN,SEASHELLS,10004,2
9500,SUBMISSION,,RAINFOREST_RESIN,SEASHELLS,10004,1
9600,SUBMISSION,,RAINFOREST_RESIN,SEASHELLS,10004,1
9700,SUBMISSION,,RAINFOREST_RESIN,SEASHELLS,10002,1
9800,SUBMISSION,,RAINFOREST_RESIN,SEASHELLS,10005,26
9900,SUBMISSION,,RAINFOREST_RESIN,SEASHELLS,10005,10
10300,,SUBMISSION,RAINFOREST_RESIN,SEASHELLS,9998,4
10300,,,KELP,SEASHELLS,2024,1
10300,,,RAINFOREST_RESIN,SEASHELLS,9998,1
10400,,SUBMISSION,RAINFOREST_RESIN,SEASHELLS,10002,1
10500,,SUBMISSION,RAINFOREST_RESIN,SEASHELLS,9998,4
10600,SUBMISSION,,RAINFOREST_RESIN,SEASHELLS,10000,4
10700,SUBMISSION,,RAINFOREST_RESIN,SEASHELLS,10005,5
10800,,,RAINFOREST_RESIN,SEASHELLS,10004,2
10800,,,RAINFOREST_RESIN,SEASHELLS,10004,10
11100,,,RAINFOREST_RESIN,SEASHELLS,9998,3
11100,,,RAINFOREST_RESIN,SEASHELLS,9998,4
11300,,,KELP,SEASHELLS,2022,3
11400,,,KELP,SEASHELLS,2022,2
11400,,,RAINFOREST_RESIN,SEASHELLS,9996,1
11500,,,RAINFOREST_RESIN,SEASHELLS,10002,2
11700,,,KELP,SEASHELLS,2023,2
11800,,,KELP,SEASHELLS,2025,1
12000,,SUBMISSION,RAINFOREST_RESIN,SEASHELLS,10002,1
12100,,SUBMISSION,RAINFOREST_RESIN,SEASHELLS,9996,2
12200,,SUBMISSION,RAINFOREST_RESIN,SEASHELLS,9996,2
12300,,SUBMISSION,RAINFOREST_RESIN,SEASHELLS,9998,6
12400,,SUBMISSION,RAINFOREST_RESIN,SEASHELLS,9995,26
12400,,,KELP,SEASHELLS,2026,15
12500,,SUBMISSION,RAINFOREST_RESIN,SEASHELLS,9995,20
12500,,,KELP,SEASHELLS,2023,1
12600,,SUBMISSION,RAINFOREST_RESIN,SEASHELLS,9995,22
12700,,SUBMISSION,RAINFOREST_RESIN,SEASHELLS,9996,2
12800,,SUBMISSION,RAINFOREST_RESIN,SEASHELLS,9996,2
12900,SUBMISSION,,RAINFOREST_RESIN,SEASHELLS,10002,3
13000,,SUBMISSION,RAINFOREST_RESIN,SEASHELLS,10002,1
13000,,,KELP,SEASHELLS,2025,1
13100,,SUBMISSION,RAINFOREST_RESIN,SEASHELLS,9996,1
13200,,SUBMISSION,RAINFOREST_RESIN,SEASHELLS,9998,2
13200,,,RAINFOREST_RESIN,SEASHELLS,9998,2
13300,,SUBMISSION,RAINFOREST_RESIN,SEASHELLS,9995,16
13300,,,KELP,SEASHELLS,2026,2
13300,,,RAINFOREST_RESIN,SEASHELLS,10005,2
13600,SUBMISSION,,RAINFOREST_RESIN,SEASHELLS,10002,10
13600,,,KELP,SEASHELLS,2023,1
13700,SUBMISSION,,RAINFOREST_RESIN,SEASHELLS,9998,4
13800,SUBMISSION,,RAINFOREST_RESIN,SEASHELLS,10004,2
13900,SUBMISSION,,RAINFOREST_RESIN,SEASHELLS,10000,6
14000,SUBMISSION,,RAINFOREST_RESIN,SEASHELLS,10004,2
14100,SUBMISSION,,RAINFOREST_RESIN,SEASHELLS,10004,2
14200,SUBMISSION,,RAINFOREST_RESIN,SEASHELLS,10005,21
14200,,,KELP,SEASHELLS,2023,1
14300,SUBMISSION,,RAINFOREST_RESIN,SEASHELLS,10004,2
14400,SUBMISSION,,RAINFOREST_RESIN,SEASHELLS,10004,1
14500,SUBMISSION,,RAINFOREST_RESIN,SEASHELLS,10002,1
14600,SUBMISSION,,RAINFOREST_RESIN,SEASHELLS,10000,2
14700,SUBMISSION,,RAINFOREST_RESIN,SEASHELLS,10002,7
14800,SUBMISSION,,RAINFOREST_RESIN,SEASHELLS,10002,6
14900,,SUBMISSION,RAINFOREST_RESIN,SEASHELLS,10000,4
15000,,SUBMISSION,RAINFOREST_RESIN,SEASHELLS,9998,1
15000,,,KELP,SEASHELLS,2024,2
15100,,SUBMISSION,RAINFOREST_RESIN,SEASHELLS,9995,22
15200,,SUBMISSION,RAINFOREST_RESIN,SEASHELLS,9998,6
15200,,,KELP,SEASHELLS,2022,1
15300,,SUBMISSION,RAINFOREST_RESIN,SEASHELLS,9995,26
15300,,,RAINFOREST_RESIN,SEASHELLS,10002,1
15400,SUBMISSION,,RAINFOREST_RESIN,SEASHELLS,9998,1
15500,,SUBMISSION,RAINFOREST_RESIN,SEASHELLS,10002,1
15600,,SUBMISSION,RAINFOREST_RESIN,SEASHELLS,9996,2
15600,,,KELP,SEASHELLS,2025,2
15600,,,RAINFOREST_RESIN,SEASHELLS,10004,2
15700,,SUBMISSION,RAINFOREST_RESIN,SEASHELLS,10002,5
15700,,,RAINFOREST_RESIN,SEASHELLS,10002,1
15800,,,KELP,SEASHELLS,2025,1
16200,SUBMISSION,,RAINFOREST_RESIN,SEASHELLS,9998,1
16200,,,KELP,SEASHELLS,2023,1
16200,,,KELP,SEASHELLS,2023,1
16300,SUBMISSION,,RAINFOREST_RESIN,SEASHELLS,10004,1
16300,,,RAINFOREST_RESIN,SEASHELLS,10005,8
16400,SUBMISSION,,RAINFOREST_RESIN,SEASHELLS,10002,3
16400,,,RAINFOREST_RESIN,SEASHELLS,10002,1
16500,SUBMISSION,,RAINFOREST_RESIN,SEASHELLS,10002,7
16600,SUBMISSION,,RAINFOREST_RESIN,SEASHELLS,10004,2
16600,,,KELP,SEASHELLS,2023,1
16700,,SUBMISSION,RAINFOREST_RESIN,SEASHELLS,10002,1
16700,,,KELP,SEASHELLS,2025,1
16800,,SUBMISSION,RAINFOREST_RESIN,SEASHELLS,9995,13
16800,,,RAINFOREST_RESIN,SEASHELLS,9995,5
18200,,,KELP,SEASHELLS,2024,4
18200,,,KELP,SEASHELLS,2024,1
18500,SUBMISSION,,RAINFOREST_RESIN,SEASHELLS,10000,2
18500,,,KELP,SEASHELLS,2026,1
18600,,SUBMISSION,RAINFOREST_RESIN,SEASHELLS,10002,1
18700,,SUBMISSION,RAINFOREST_RESIN,SEASHELLS,9995,1
19000,,,KELP,SEASHELLS,2024,10
19200,SUBMISSION,,RAINFOREST_RESIN,SEASHELLS,9998,1
19300,SUBMISSION,,RAINFOREST_RESIN,SEASHELLS,10004,2
19300,,,KELP,SEASHELLS,2024,1
19300,,,RAINFOREST_RESIN,SEASHELLS,9996,1
19400,SUBMISSION,,RAINFOREST_RESIN,SEASHELLS,10005,26
19500,SUBMISSION,,RAINFOREST_RESIN,SEASHELLS,10005,23
19600,SUBMISSION,,RAINFOREST_RESIN,SEASHELLS,10004,2
19700,,SUBMISSION,RAINFOREST_RESIN,SEASHELLS,10002,1
19700,,,KELP,SEASHELLS,2024,1
19800,,SUBMISSION,RAINFOREST_RESIN,SEASHELLS,9996,2
19900,,SUBMISSION,RAINFOREST_RESIN,SEASHELLS,9996,2
20000,,SUBMISSION,RAINFOREST_RESIN,SEASHELLS,9995,27
20100,,SUBMISSION,RAINFOREST_RESIN,SEASHELLS,10002,1
20100,,,RAINFOREST_RESIN,SEASHELLS,10002,4
20200,SUBMISSION,,RAINFOREST_RESIN,SEASHELLS,9998,1
20300,SUBMISSION,,RAINFOREST_RESIN,SEASHELLS,10005,27
20300,,,KELP,SEASHELLS,2024,1
20400,SUBMISSION,,RAINFOREST_RESIN,SEASHELLS,10000,4
20400,,,KELP,SEASHELLS,2025,4
20500,,SUBMISSION,KELP,SEASHELLS,2025,4
20500,SUBMISSION,,RAINFOREST_RESIN,SEASHELLS,10004,2
20500,,,RAINFOREST_RESIN,SEASHELLS,9998,1
20600,,SUBMISSION,KELP,SEASHELLS,2023,26
20600,,SUBMISSION,KELP,SEASHELLS,2023,2
20600,SUBMISSION,,RAINFOREST_RESIN,SEASHELLS,10004,2
20700,,SUBMISSION,KELP,SEASHELLS,2025,6
20700,,SUBMISSION,RAINFOREST_RESIN,SEASHELLS,10002,1
20700,,,RAINFOREST_RESIN,SEASHELLS,10000,6
20800,,SUBMISSION,KELP,SEASHELLS,2024,2
20800,,SUBMISSION,RAINFOREST_RESIN,SEASHELLS,9996,2
20900,,SUBMISSION,KELP,SEASHELLS,2026,1
20900,,SUBMISSION,RAINFOREST_RESIN,SEASHELLS,9995,23
21000,,SUBMISSION,KELP,SEASHELLS,2024,26
21000,,SUBMISSION,KELP,SEASHELLS,2024,2
21000,,SUBMISSION,RAINFOREST_RESIN,SEASHELLS,9996,2
21100,,SUBMISSION,KELP,SEASHELLS,2024,2
21100,,SUBMISSION,RAINFOREST_RESIN,SEASHELLS,9996,2
21200,,SUBMISSION,KELP,SEASHELLS,2024,22
21200,SUBMISSION,,RAINFOREST_RESIN,SEASHELLS,9998,1
21300,,SUBMISSION,KELP,SEASHELLS,2024,1
21300,SUBMISSION,,RAINFOREST_RESIN,SEASHELLS,10002,7
21300,,,RAINFOREST_RESIN,SEASHELLS,9996,1
21300,,,RAINFOREST_RESIN,SEASHELLS,9996,7
21400,,SUBMISSION,KELP,SEASHELLS,2024,6
21400,SUBMISSION,,RAINFOREST_RESIN,SEASHELLS,10005,28
21500,SUBMISSION,,RAINFOREST_RESIN,SEASHELLS,10004,1
21600,SUBMISSION,,RAINFOREST_RESIN,SEASHELLS,10004,2
21700,SUBMISSION,,RAINFOREST_RESIN,SEASHELLS,10004,2
21700,,,KELP,SEASHELLS,2027,8
21800,SUBMISSION,,RAINFOREST_RESIN,SEASHELLS,10004,2
21900,SUBMISSION,,RAINFOREST_RESIN,SEASHELLS,10004,1
22000,SUBMISSION,,RAINFOREST_RESIN,SEASHELLS,10005,21
22100,SUBMISSION,,RAINFOREST_RESIN,SEASHELLS,10002,7
22100,,,KELP,SEASHELLS,2024,1
22200,SUBMISSION,,RAINFOREST_RESIN,SEASHELLS,10004,1
22200,,,RAINFOREST_RESIN,SEASHELLS,9998,6
22400,,,RAINFOREST_RESIN,SEASHELLS,9998,1
22500,,,KELP,SEASHELLS,2026,11
22700,,,KELP,SEASHELLS,2023,1
22800,,,KELP,SEASHELLS,2023,1
22800,,,RAINFOREST_RESIN,SEASHELLS,9998,2
23200,,,KELP,SEASHELLS,2023,2
23200,,,RAINFOREST_RESIN,SEASHELLS,9998,2
23300,,,RAINFOREST_RESIN,SEASHELLS,9998,1
23500,,,KELP,SEASHELLS,2023,1
23700,,SUBMISSION,RAINFOREST_RESIN,SEASHELLS,10002,1
23700,,,RAINFOREST_RESIN,SEASHELLS,9996,2
23700,,,RAINFOREST_RESIN,SEASHELLS,9996,6
23800,,SUBMISSION,RAINFOREST_RESIN,SEASHELLS,9995,30
23900,,SUBMISSION,RAINFOREST_RESIN,SEASHELLS,9995,30
23900,,,KELP,SEASHELLS,2025,1
24000,,SUBMISSION,RAINFOREST_RESIN,SEASHELLS,9998,9
24100,,SUBMISSION,RAINFOREST_RESIN,SEASHELLS,9996,1
24100,,,KELP,SEASHELLS,2025,1
24100,,,RAINFOREST_RESIN,SEASHELLS,9995,8
24200,SUBMISSION,,RAINFOREST_RESIN,SEASHELLS,10002,6
24300,SUBMISSION,,RAINFOREST_RESIN,SEASHELLS,10002,1
24400,SUBMISSION,,RAINFOREST_RESIN,SEASHELLS,10004,1
24500,SUBMISSION,,RAINFOREST_RESIN,SEASHELLS,10004,1
24500,,,KELP,SEASHELLS,2022,2
24500,,,RAINFOREST_RESIN,SEASHELLS,10002,1
24600,SUBMISSION,,KELP,SEASHELLS,2024,2
24600,SUBMISSION,,RAINFOREST_RESIN,SEASHELLS,9998,2
24600,,,KELP,SEASHELLS,2024,5
24700,SUBMISSION,,KELP,SEASHELLS,2026,25
24700,SUBMISSION,,RAINFOREST_RESIN,SEASHELLS,10005,25
24800,SUBMISSION,,KELP,SEASHELLS,2026,23
24800,SUBMISSION,,RAINFOREST_RESIN,SEASHELLS,10005,23
24900,SUBMISSION,,KELP,SEASHELLS,2026,22
24900,SUBMISSION,,KELP,SEASHELLS,2026,1
24900,SUBMISSION,,RAINFOREST_RESIN,SEASHELLS,10004,1
24900,,,KELP,SEASHELLS,2024,4
25000,SUBMISSION,,KELP,SEASHELLS,2026,23
25000,SUBMISSION,,RAINFOREST_RESIN,SEASHELLS,10005,11
25100,SUBMISSION,,KELP,SEASHELLS,2024,4
25100,,SUBMISSION,RAINFOREST_RESIN,SEASHELLS,10002,1
25200,,SUBMISSION,RAINFOREST_RESIN,SEASHELLS,9996,1
25200,,,KELP,SEASHELLS,2025,1
25200,,,RAINFOREST_RESIN,SEASHELLS,10002,1
25200,,,RAINFOREST_RESIN,SEASHELLS,9998,3
25200,,,RAINFOREST_RESIN,SEASHELLS,9998,5
25300,,SUBMISSION,RAINFOREST_RESIN,SEASHELLS,9996,2
25300,,,KELP,SEASHELLS,2023,1
25400,,SUBMISSION,RAINFOREST_RESIN,SEASHELLS,9996,1
25500,,SUBMISSION,RAINFOREST_RESIN,SEASHELLS,9996,1
25600,,SUBMISSION,RAINFOREST_RESIN,SEASHELLS,9996,1
25700,,SUBMISSION,RAINFOREST_RESIN,SEASHELLS,9996,2
25700,,,RAINFOREST_RESIN,SEASHELLS,10004,2
25800,,SUBMISSION,RAINFOREST_RESIN,SEASHELLS,10002,4
25800,,,KELP,SEASHELLS,2023,1
25900,,SUBMISSION,RAINFOREST_RESIN,SEASHELLS,9996,2
26000,,SUBMISSION,RAINFOREST_RESIN,SEASHELLS,9996,2
26000,,,KELP,SEASHELLS,2023,7
26100,,SUBMISSION,RAINFOREST_RESIN,SEASHELLS,9998,7
26200,,SUBMISSION,RAINFOREST_RESIN,SEASHELLS,9996,1
26300,,SUBMISSION,RAINFOREST_RESIN,SEASHELLS,9996,1
26300,,,RAINFOREST_RESIN,SEASHELLS,9998,1
26400,,SUBMISSION,RAINFOREST_RESIN,SEASHELLS,9995,22
26400,,,KELP,SEASHELLS,2023,1
26500,,SUBMISSION,RAINFOREST_RESIN,SEASHELLS,9996,1
26600,,SUBMISSION,RAINFOREST_RESIN,SEASHELLS,9996,2
26600,,,RAINFOREST_RESIN,SEASHELLS,9998,1
26700,,SUBMISSION,RAINFOREST_RESIN,SEASHELLS,9998,2
26800,,SUBMISSION,RAINFOREST_RESIN,SEASHELLS,9996,2
26900,,SUBMISSION,RAINFOREST_RESIN,SEASHELLS,10002,1
26900,,,KELP,SEASHELLS,2023,1
27000,,SUBMISSION,RAINFOREST_RESIN,SEASHELLS,9995,28
27100,,SUBMISSION,RAINFOREST_RESIN,SEASHELLS,9995,16
27300,,,KELP,SEASHELLS,2025,1
27600,,,KELP,SEASHELLS,2023,1
27600,,,RAINFOREST_RESIN,SEASHELLS,9998,4
27700,,,KELP,SEASHELLS,2023,5
27800,,,KELP,SEASHELLS,2025,1
27900,,,KELP,SEASHELLS,2025,1
28200,SUBMISSION,,RAINFOREST_RESIN,SEASHELLS,9998,2
28200,,,KELP,SEASHELLS,2025,5
28300,SUBMISSION,,RAINFOREST_RESIN,SEASHELLS,10004,1
28400,SUBMISSION,,RAINFOREST_RESIN,SEASHELLS,10004,2
28400,,,KELP,SEASHELLS,2023,1
28500,SUBMISSION,,RAINFOREST_RESIN,SEASHELLS,10005,23
28600,,SUBMISSION,RAINFOREST_RESIN,SEASHELLS,10002,1
28700,,SUBMISSION,RAINFOREST_RESIN,SEASHELLS,9995,27
29000,,,KELP,SEASHELLS,2024,1
29000,,,RAINFOREST_RESIN,SEASHELLS,10005,8
29200,,SUBMISSION,KELP,SEASHELLS,2026,1
29300,,SUBMISSION,KELP,SEASHELLS,2024,30
29300,,SUBMISSION,KELP,SEASHELLS,2024,2
29300,SUBMISSION,,RAINFOREST_RESIN,SEASHELLS,10002,3
29300,,,KELP,SEASHELLS,2026,2
29300,,,KELP,SEASHELLS,2026,10
29400,,SUBMISSION,KELP,SEASHELLS,2024,24
29400,,SUBMISSION,KELP,SEASHELLS,2024,1
29400,SUBMISSION,,RAINFOREST_RESIN,SEASHELLS,10004,1
29400,,,KELP,SEASHELLS,2024,1
29400,,,RAINFOREST_RESIN,SEASHELLS,10002,1
29500,,SUBMISSION,KELP,SEASHELLS,2024,2
29500,,SUBMISSION,KELP,SEASHELLS,2024,27
29500,,SUBMISSION,KELP,SEASHELLS,2024,2
29500,SUBMISSION,,RAINFOREST_RESIN,SEASHELLS,10004,2
29600,,SUBMISSION,KELP,SEASHELLS,2024,2
29600,SUBMISSION,,RAINFOREST_RESIN,SEASHELLS,10004,2
29700,,SUBMISSION,KELP,SEASHELLS,2024,2
29700,,SUBMISSION,KELP,SEASHELLS,2024,7
29700,SUBMISSION,,RAINFOREST_RESIN,SEASHELLS,10002,4
29700,,,KELP,SEASHELLS,2024,1
29800,SUBMISSION,,RAINFOREST_RESIN,SEASHELLS,10004,1
29900,SUBMISSION,,RAINFOREST_RESIN,SEASHELLS,10005,21
30000,SUBMISSION,,RAINFOREST_RESIN,SEASHELLS,10004,1
30000,,,RAINFOREST_RESIN,SEASHELLS,9998,1
30000,,,RAINFOREST_RESIN,SEASHELLS,9998,3
30100,SUBMISSION,,RAINFOREST_RESIN,SEASHELLS,10004,2
30200,SUBMISSION,,RAINFOREST_RESIN,SEASHELLS,10004,2
30200,,,KELP,SEASHELLS,2027,10
30300,SUBMISSION,,RAINFOREST_RESIN,SEASHELLS,10002,9
30300,,,KELP,SEASHELLS,2026,1
30400,SUBMISSION,,RAINFOREST_RESIN,SEASHELLS,10002,8
30500,SUBMISSION,,RAINFOREST_RESIN,SEASHELLS,10004,2
30600,SUBMISSION,,RAINFOREST_RESIN,SEASHELLS,10002,4
30600,,,KELP,SEASHELLS,2024,1
30600,,,KELP,SEASHELLS,2027,1
30600,,,RAINFOREST_RESIN,SEASHELLS,10004,1
30700,SUBMISSION,,RAINFOREST_RESIN,SEASHELLS,10005,30
30800,SUBMISSION,,RAINFOREST_RESIN,SEASHELLS,10004,1
30900,SUBMISSION,,RAINFOREST_RESIN,SEASHELLS,10002,6
31000,,SUBMISSION,RAINFOREST_RESIN,SEASHELLS,10000,4
31100,,SUBMISSION,RAINFOREST_RESIN,SEASHELLS,9996,2
31200,,SUBMISSION,RAINFOREST_RESIN,SEASHELLS,9996,2
31300,,SUBMISSION,RAINFOREST_RESIN,SEASHELLS,9996,1
31300,,,KELP,SEASHELLS,2023,13
31400,SUBMISSION,,RAINFOREST_RESIN,SEASHELLS,9998,1
31500,SUBMISSION,,RAINFOREST_RESIN,SEASHELLS,10005,9
31600,,,KELP,SEASHELLS,2025,1
31900,,,RAINFOREST_RESIN,SEASHELLS,10005,2
32400,,,KELP,SEASHELLS,2023,1
32500,,,KELP,SEASHELLS,2023,1
32600,,SUBMISSION,RAINFOREST_RESIN,SEASHELLS,10002,1
32600,,,KELP,SEASHELLS,2027,2
32600,,,RAINFOREST_RESIN,SEASHELLS,10005,2
32700,,SUBMISSION,RAINFOREST_RESIN,SEASHELLS,9996,2
32800,,SUBMISSION,RAINFOREST_RESIN,SEASHELLS,9996,2
32800,,,RAINFOREST_RESIN,SEASHELLS,9995,9
32900,,SUBMISSION,RAINFOREST_RESIN,SEASHELLS,9996,2
33000,,SUBMISSION,RAINFOREST_RESIN,SEASHELLS,9996,2
33000,,,RAINFOREST_RESIN,SEASHELLS,10002,6
33100,,SUBMISSION,RAINFOREST_RESIN,SEASHELLS,9996,1
33100,,,KELP,SEASHELLS,2023,1
33200,SUBMISSION,,RAINFOREST_RESIN,SEASHELLS,10002,7
33200,,,KELP,SEASHELLS,2023,1
33200,,,KELP,SEASHELLS,2024,10
33300,SUBMISSION,,RAINFOREST_RESIN,SEASHELLS,10004,1
33400,SUBMISSION,,RAINFOREST_RESIN,SEASHELLS,10002,2
33500,,,KELP,SEASHELLS,2026,1
33500,,,RAINFOREST_RESIN,SEASHELLS,10004,1
33600,,SUBMISSION,RAINFOREST_RESIN,SEASHELLS,10002,6
33700,,SUBMISSION,RAINFOREST_RESIN,SEASHELLS,9996,1
33800,,SUBMISSION,RAINFOREST_RESIN,SEASHELLS,9996,1
33900,,SUBMISSION,RAINFOREST_RESIN,SEASHELLS,9995,24
34000,,SUBMISSION,RAINFOREST_RESIN,SEASHELLS,10002,1
34000,,,KELP,SEASHELLS,2023,1
34100,,SUBMISSION,RAINFOREST_RESIN,SEASHELLS,9996,1
34100,,,RAINFOREST_RESIN,SEASHELLS,9995,3
34200,SUBMISSION,,KELP,SEASHELLS,2024,1
34200,,SUBMISSION,RAINFOREST_RESIN,SEASHELLS,9995,23
34200,,,KELP,SEASHELLS,2022,9
34300,SUBMISSION,,KELP,SEASHELLS,2026,22
34300,SUBMISSION,,KELP,SEASHELLS,2026,1
34300,,SUBMISSION,RAINFOREST_RESIN,SEASHELLS,10002,1
34400,SUBMISSION,,KELP,SEASHELLS,2025,2
34400,,SUBMISSION,RAINFOREST_RESIN,SEASHELLS,9996,2
34500,SUBMISSION,,KELP,SEASHELLS,2023,5
34500,,SUBMISSION,RAINFOREST_RESIN,SEASHELLS,9995,30
34600,SUBMISSION,,KELP,SEASHELLS,2023,1
34600,,SUBMISSION,RAINFOREST_RESIN,SEASHELLS,9995,10
34700,SUBMISSION,,KELP,SEASHELLS,2026,24
34800,SUBMISSION,,KELP,SEASHELLS,2026,23
34800,SUBMISSION,,KELP,SEASHELLS,2026,2
34900,SUBMISSION,,KELP,SEASHELLS,2026,19
35000,,,KELP,SEASHELLS,2025,1
35000,,,RAINFOREST_RESIN,SEASHELLS,10002,1
35100,,,RAINFOREST_RESIN,SEASHELLS,10002,3
35200,SUBMISSION,,RAINFOREST_RESIN,SEASHELLS,10002,10
35300,SUBMISSION,,RAINFOREST_RESIN,SEASHELLS,10004,1
35300,,,KELP,SEASHELLS,2025,1
35300,,,KELP,SEASHELLS,2023,8
35400,SUBMISSION,,RAINFOREST_RESIN,SEASHELLS,10005,25
35400,,,KELP,SEASHELLS,2025,1
35400,,,RAINFOREST_RESIN,SEASHELLS,10002,3
35500,SUBMISSION,,RAINFOREST_RESIN,SEASHELLS,10004,2
35600,SUBMISSION,,RAINFOREST_RESIN,SEASHELLS,10005,26
35700,SUBMISSION,,RAINFOREST_RESIN,SEASHELLS,10004,2
35800,SUBMISSION,,RAINFOREST_RESIN,SEASHELLS,10004,1
35800,,,KELP,SEASHELLS,2023,2
35900,SUBMISSION,,RAINFOREST_RESIN,SEASHELLS,10004,2
36000,SUBMISSION,,RAINFOREST_RESIN,SEASHELLS,10002,5
36100,SUBMISSION,,RAINFOREST_RESIN,SEASHELLS,10004,2
36100,,,RAINFOREST_RESIN,SEASHELLS,10002,1
36200,SUBMISSION,,RAINFOREST_RESIN,SEASHELLS,9998,1
36300,SUBMISSION,,RAINFOREST_RESIN,SEASHELLS,10004,1
36400,SUBMISSION,,RAINFOREST_RESIN,SEASHELLS,10004,1
36400,,,KELP,SEASHELLS,2024,1
36500,SUBMISSION,,RAINFOREST_RESIN,SEASHELLS,10005,21
36500,,,KELP,SEASHELLS,2023,2
37300,,,KELP,SEASHELLS,2021,1
37400,,SUBMISSION,RAINFOREST_RESIN,SEASHELLS,10002,1
37500,,SUBMISSION,RAINFOREST_RESIN,SEASHELLS,9996,2
37500,,,KELP,SEASHELLS,2020,1
37500,,,RAINFOREST_RESIN,SEASHELLS,9995,1
37600,,SUBMISSION,RAINFOREST_RESIN,SEASHELLS,9995,22
37700,,SUBMISSION,RAINFOREST_RESIN,SEASHELLS,9996,1
37800,,SUBMISSION,RAINFOREST_RESIN,SEASHELLS,9995,25
37800,,,KELP,SEASHELLS,2020,1
37900,,SUBMISSION,RAINFOREST_RESIN,SEASHELLS,9995,25
38000,,SUBMISSION,RAINFOREST_RESIN,SEASHELLS,10002,1
38100,,SUBMISSION,RAINFOREST_RESIN,SEASHELLS,9996,2
38200,,SUBMISSION,RAINFOREST_RESIN,SEASHELLS,9996,1
38300,,SUBMISSION,RAINFOREST_RESIN,SEASHELLS,9998,5
38400,SUBMISSION,,RAINFOREST_RESIN,SEASHELLS,10000,6
38400,,,KELP,SEASHELLS,2020,6
38500,,SUBMISSION,RAINFOREST_RESIN,SEASHELLS,10002,1
38600,,SUBMISSION,RAINFOREST_RESIN,SEASHELLS,9996,2
38600,,,KELP,SEASHELLS,2019,1
38600,,,RAINFOREST_RESIN,SEASHELLS,9995,1
38700,,SUBMISSION,RAINFOREST_RESIN,SEASHELLS,9995,18
38800,,,RAINFOREST_RESIN,SEASHELLS,9996,1
39200,,,KELP,SEASHELLS,2022,1
39200,,,RAINFOREST_RESIN,SEASHELLS,9998,1
39400,,,KELP,SEASHELLS,2022,1
39400,,,RAINFOREST_RESIN,SEASHELLS,10004,1
39500,SUBMISSION,,RAINFOREST_RESIN,SEASHELLS,9998,1
39600,SUBMISSION,,RAINFOREST_RESIN,SEASHELLS,10005,23
39700,SUBMISSION,,RAINFOREST_RESIN,SEASHELLS,10004,2
39800,SUBMISSION,,RAINFOREST_RESIN,SEASHELLS,10004,1
39900,SUBMISSION,,RAINFOREST_RESIN,SEASHELLS,10002,4
40000,SUBMISSION,,RAINFOREST_RESIN,SEASHELLS,10005,22
40100,SUBMISSION,,RAINFOREST_RESIN,SEASHELLS,10002,8
40200,SUBMISSION,,RAINFOREST_RESIN,SEASHELLS,10004,1
40300,SUBMISSION,,RAINFOREST_RESIN,SEASHELLS,9998,1
40400,SUBMISSION,,RAINFOREST_RESIN,SEASHELLS,10004,1
40500,,SUBMISSION,RAINFOREST_RESIN,SEASHELLS,10002,1
40500,,,KELP,SEASHELLS,2019,1
40600,,SUBMISSION,RAINFOREST_RESIN,SEASHELLS,9996,2
40700,,SUBMISSION,RAINFOREST_RESIN,SEASHELLS,9998,7
40800,,SUBMISSION,RAINFOREST_RESIN,SEASHELLS,9995,27
40900,,SUBMISSION,RAINFOREST_RESIN,SEASHELLS,9998,10
40900,,,KELP,SEASHELLS,2017,1
40900,,,RAINFOREST_RESIN,SEASHELLS,10004,2
40900,,,RAINFOREST_RESIN,SEASHELLS,10004,1
40900,,,RAINFOREST_RESIN,SEASHELLS,10004,8
41000,,SUBMISSION,RAINFOREST_RESIN,SEASHELLS,9995,17
41000,,,KELP,SEASHELLS,2018,1
41100,,,KELP,SEASHELLS,2018,2
41100,,,KELP,SEASHELLS,2018,1
41500,,,KELP,SEASHELLS,2019,5
41700,,,KELP,SEASHELLS,2018,1
41900,SUBMISSION,,RAINFOREST_RESIN,SEASHELLS,9998,4
41900,,,KELP,SEASHELLS,2020,1
42000,SUBMISSION,,RAINFOREST_RESIN,SEASHELLS,10004,2
42000,,,KELP,SEASHELLS,2018,1
42000,,,KELP,SEASHELLS,2020,5
42100,SUBMISSION,,RAINFOREST_RESIN,SEASHELLS,10004,2
42200,,SUBMISSION,RAINFOREST_RESIN,SEASHELLS,10002,1
42300,,SUBMISSION,RAINFOREST_RESIN,SEASHELLS,9995,7
42300,,,KELP,SEASHELLS,2019,7
42400,,,KELP,SEASHELLS,2019,1
42500,,,KELP,SEASHELLS,2019,1
42500,,,RAINFOREST_RESIN,SEASHELLS,10002,3
42500,,,RAINFOREST_RESIN,SEASHELLS,10002,1
42600,,,KELP,SEASHELLS,2019,2
42600,,,RAINFOREST_RESIN,SEASHELLS,9995,2
42900,,,KELP,SEASHELLS,2022,2
42900,,,RAINFOREST_RESIN,SEASHELLS,10005,2
43500,,,KELP,SEASHELLS,2020,1
43600,SUBMISSION,,RAINFOREST_RESIN,SEASHELLS,10002,9
43700,SUBMISSION,,RAINFOREST_RESIN,SEASHELLS,10004,1
43800,SUBMISSION,,RAINFOREST_RESIN,SEASHELLS,10004,2
43900,,SUBMISSION,RAINFOREST_RESIN,SEASHELLS,10002,4
44000,,SUBMISSION,RAINFOREST_RESIN,SEASHELLS,9996,2
44100,SUBMISSION,,RAINFOREST_RESIN,SEASHELLS,9998,1
44200,SUBMISSION,,RAINFOREST_RESIN,SEASHELLS,10005,21
44300,SUBMISSION,,RAINFOREST_RESIN,SEASHELLS,10005,27
44400,SUBMISSION,,RAINFOREST_RESIN,SEASHELLS,10005,28
44500,SUBMISSION,,RAINFOREST_RESIN,SEASHELLS,10005,17
44500,,,KELP,SEASHELLS,2021,1
44800,,,RAINFOREST_RESIN,SEASHELLS,9998,1
45000,,SUBMISSION,RAINFOREST_RESIN,SEASHELLS,10002,1
45100,,SUBMISSION,RAINFOREST_RESIN,SEASHELLS,9996,1
45200,,SUBMISSION,RAINFOREST_RESIN,SEASHELLS,9996,1
45300,,SUBMISSION,RAINFOREST_RESIN,SEASHELLS,9995,22
45400,,SUBMISSION,RAINFOREST_RESIN,SEASHELLS,9996,2
45400,,,KELP,SEASHELLS,2018,1
45500,,SUBMISSION,RAINFOREST_RESIN,SEASHELLS,9996,1
45500,,,KELP,SEASHELLS,2019,3
45600,,SUBMISSION,RAINFOREST_RESIN,SEASHELLS,9995,26
45700,,SUBMISSION,RAINFOREST_RESIN,SEASHELLS,9995,24
45800,,SUBMISSION,RAINFOREST_RESIN,SEASHELLS,9996,1
45800,,,KELP,SEASHELLS,2018,1
45900,,SUBMISSION,RAINFOREST_RESIN,SEASHELLS,9996,1
45900,,,KELP,SEASHELLS,2022,2
45900,,,RAINFOREST_RESIN,SEASHELLS,10004,1
45900,,,RAINFOREST_RESIN,SEASHELLS,10004,1
46000,,SUBMISSION,RAINFOREST_RESIN,SEASHELLS,9996,2
46100,,SUBMISSION,RAINFOREST_RESIN,SEASHELLS,9998,6
46200,,SUBMISSION,RAINFOREST_RESIN,SEASHELLS,9998,2
46300,,SUBMISSION,RAINFOREST_RESIN,SEASHELLS,9996,2
46400,,SUBMISSION,RAINFOREST_RESIN,SEASHELLS,9995,8
46600,,,KELP,SEASHELLS,2019,2
46600,,,RAINFOREST_RESIN,SEASHELLS,9998,2
46900,,,KELP,SEASHELLS,2021,1
47100,SUBMISSION,,RAINFOREST_RESIN,SEASHELLS,9998,1
47100,,,KELP,SEASHELLS,2019,4
47200,,SUBMISSION,RAINFOREST_RESIN,SEASHELLS,10002,1
47500,,,RAINFOREST_RESIN,SEASHELLS,10002,4
48100,,,KELP,SEASHELLS,2019,1
48100,,,KELP,SEASHELLS,2019,1
48100,,,RAINFOREST_RESIN,SEASHELLS,9995,2
48300,SUBMISSION,,RAINFOREST_RESIN,SEASHELLS,9998,1
48400,SUBMISSION,,RAINFOREST_RESIN,SEASHELLS,10002,7
48500,SUBMISSION,,RAINFOREST_RESIN,SEASHELLS,9998,1
48600,SUBMISSION,,RAINFOREST_RESIN,SEASHELLS,10004,1
48600,,,KELP,SEASHELLS,2019,1
48600,,,KELP,SEASHELLS,2019,1
48600,,,RAINFOREST_RESIN,SEASHELLS,9996,1
48700,SUBMISSION,,RAINFOREST_RESIN,SEASHELLS,10004,1
48800,SUBMISSION,,RAINFOREST_RESIN,SEASHELLS,10004,1
48900,SUBMISSION,,RAINFOREST_RESIN,SEASHELLS,10005,27
49000,SUBMISSION,,RAINFOREST_RESIN,SEASHELLS,10004,2
49000,,,KELP,SEASHELLS,2019,1
49100,SUBMISSION,,RAINFOREST_RESIN,SEASHELLS,10004,2
49200,SUBMISSION,,RAINFOREST_RESIN,SEASHELLS,10004,1
49200,,,KELP,SEASHELLS,2022,11
49300,,SUBMISSION,RAINFOREST_RESIN,SEASHELLS,9998,9
49300,,,KELP,SEASHELLS,2019,1
49400,,SUBMISSION,RAINFOREST_RESIN,SEASHELLS,9995,20
49400,,,KELP,SEASHELLS,2021,9
49500,,SUBMISSION,RAINFOREST_RESIN,SEASHELLS,9996,2
49500,,,KELP,SEASHELLS,2022,6
49600,,SUBMISSION,RAINFOREST_RESIN,SEASHELLS,9995,13
49600,,,KELP,SEASHELLS,2021,1
49800,,,KELP,SEASHELLS,2020,5
49900,,,KELP,SEASHELLS,2023,2
49900,,,RAINFOREST_RESIN,SEASHELLS,9998,6
49900,,,RAINFOREST_RESIN,SEASHELLS,10005,2
50300,SUBMISSION,,RAINFOREST_RESIN,SEASHELLS,10002,10
50400,SUBMISSION,,RAINFOREST_RESIN,SEASHELLS,10000,2
50400,,,RAINFOREST_RESIN,SEASHELLS,9998,1
50500,SUBMISSION,,RAINFOREST_RESIN,SEASHELLS,10004,2
50600,,SUBMISSION,RAINFOREST_RESIN,SEASHELLS,10002,1
50600,,,KELP,SEASHELLS,2020,2
50600,,,KELP,SEASHELLS,2019,1
50600,,,KELP,SEASHELLS,2020,6
50600,,,RAINFOREST_RESIN,SEASHELLS,9996,1
50700,,SUBMISSION,RAINFOREST_RESIN,SEASHELLS,9996,2
50800,,SUBMISSION,KELP,SEASHELLS,2022,1
50800,,SUBMISSION,RAINFOREST_RESIN,SEASHELLS,10002,5
50900,,SUBMISSION,KELP,SEASHELLS,2020,27
50900,,SUBMISSION,KELP,SEASHELLS,2020,1
50900,,SUBMISSION,RAINFOREST_RESIN,SEASHELLS,9996,1
51000,,SUBMISSION,KELP,SEASHELLS,2020,26
51000,,SUBMISSION,KELP,SEASHELLS,2020,2
51000,,SUBMISSION,RAINFOREST_RESIN,SEASHELLS,9996,2
51100,,SUBMISSION,KELP,SEASHELLS,2020,25
51100,,SUBMISSION,KELP,SEASHELLS,2020,1
51100,,SUBMISSION,RAINFOREST_RESIN,SEASHELLS,9998,3
51200,,SUBMISSION,KELP,SEASHELLS,2020,17
51300,,,KELP,SEASHELLS,2020,13
51400,SUBMISSION,,RAINFOREST_RESIN,SEASHELLS,10002,3
51500,SUBMISSION,,RAINFOREST_RESIN,SEASHELLS,10005,30
51600,SUBMISSION,,RAINFOREST_RESIN,SEASHELLS,10002,1
51600,,,KELP,SEASHELLS,2023,2
51600,,,RAINFOREST_RESIN,SEASHELLS,10004,2
51700,SUBMISSION,,RAINFOREST_RESIN,SEASHELLS,10005,20
51700,,,KELP,SEASHELLS,2020,4
51700,,,RAINFOREST_RESIN,SEASHELLS,9995,11
51800,SUBMISSION,,RAINFOREST_RESIN,SEASHELLS,10004,1
51900,SUBMISSION,,RAINFOREST_RESIN,SEASHELLS,10004,1
51900,,,RAINFOREST_RESIN,SEASHELLS,9996,1
52000,,SUBMISSION,RAINFOREST_RESIN,SEASHELLS,9998,3
52100,,SUBMISSION,RAINFOREST_RESIN,SEASHELLS,9995,21
52200,,SUBMISSION,RAINFOREST_RESIN,SEASHELLS,9996,2
52300,,SUBMISSION,RAINFOREST_RESIN,SEASHELLS,10002,1
52300,,,KELP,SEASHELLS,2022,1
52400,,SUBMISSION,RAINFOREST_RESIN,SEASHELLS,9998,3
52500,SUBMISSION,,RAINFOREST_RESIN,SEASHELLS,9998,1
52600,SUBMISSION,,RAINFOREST_RESIN,SEASHELLS,10000,4
52700,SUBMISSION,,RAINFOREST_RESIN,SEASHELLS,10004,2
52700,,,KELP,SEASHELLS,2019,1
52800,SUBMISSION,,RAINFOREST_RESIN,SEASHELLS,10005,26
52900,SUBMISSION,,RAINFOREST_RESIN,SEASHELLS,10005,30
53000,SUBMISSION,,RAINFOREST_RESIN,SEASHELLS,10004,1
53100,SUBMISSION,,RAINFOREST_RESIN,SEASHELLS,10005,10
53800,,SUBMISSION,RAINFOREST_RESIN,SEASHELLS,10002,3
53900,,SUBMISSION,RAINFOREST_RESIN,SEASHELLS,9996,2
53900,,,KELP,SEASHELLS,2023,2
53900,,,RAINFOREST_RESIN,SEASHELLS,10004,2
54000,,SUBMISSION,RAINFOREST_RESIN,SEASHELLS,9998,6
54100,,SUBMISSION,RAINFOREST_RESIN,SEASHELLS,9998,2
54100,,,KELP,SEASHELLS,2020,1
54100,,,RAINFOREST_RESIN,SEASHELLS,9996,1
54200,,SUBMISSION,RAINFOREST_RESIN,SEASHELLS,9995,28
54300,,SUBMISSION,RAINFOREST_RESIN,SEASHELLS,9996,2
54300,,,KELP,SEASHELLS,2022,1
54300,,,RAINFOREST_RESIN,SEASHELLS,10004,2
54300,,,RAINFOREST_RESIN,SEASHELLS,10004,1
54400,,SUBMISSION,RAINFOREST_RESIN,SEASHELLS,9995,29
54500,,SUBMISSION,RAINFOREST_RESIN,SEASHELLS,9996,1
54600,,SUBMISSION,RAINFOREST_RESIN,SEASHELLS,10002,3
54700,,SUBMISSION,RAINFOREST_RESIN,SEASHELLS,9996,2
54700,,,KELP,SEASHELLS,2020,4
54800,,SUBMISSION,RAINFOREST_RESIN,SEASHELLS,9998,8
54900,SUBMISSION,,RAINFOREST_RESIN,SEASHELLS,10002,3
55000,SUBMISSION,,RAINFOREST_RESIN,SEASHELLS,10002,8
55000,,,KELP,SEASHELLS,2019,1
55100,SUBMISSION,,RAINFOREST_RESIN,SEASHELLS,10005,29
55100,,,KELP,SEASHELLS,2022,2
55200,SUBMISSION,,RAINFOREST_RESIN,SEASHELLS,10004,2
55200,,,KELP,SEASHELLS,2019,2
55200,,,KELP,SEASHELLS,2019,3
55300,SUBMISSION,,RAINFOREST_RESIN,SEASHELLS,9998,1
55400,SUBMISSION,,RAINFOREST_RESIN,SEASHELLS,10004,1
55500,SUBMISSION,,RAINFOREST_RESIN,SEASHELLS,10002,9
55600,SUBMISSION,,RAINFOREST_RESIN,SEASHELLS,10005,26
55700,SUBMISSION,,RAINFOREST_RESIN,SEASHELLS,10004,2
55700,,,KELP,SEASHELLS,2019,1
55700,,,RAINFOREST_RESIN,SEASHELLS,9996,1
55800,SUBMISSION,,RAINFOREST_RESIN,SEASHELLS,10004,1
55900,SUBMISSION,,RAINFOREST_RESIN,SEASHELLS,10005,4
56300,,SUBMISSION,RAINFOREST_RESIN,SEASHELLS,10002,1
56400,,SUBMISSION,RAINFOREST_RESIN,SEASHELLS,9996,1
56500,,SUBMISSION,RAINFOREST_RESIN,SEASHELLS,9996,2
56600,,SUBMISSION,RAINFOREST_RESIN,SEASHELLS,9996,2
56700,,SUBMISSION,RAINFOREST_RESIN,SEASHELLS,9998,3
56700,,,KELP,SEASHELLS,2020,2
56800,,SUBMISSION,RAINFOREST_RESIN,SEASHELLS,10002,1
56900,,SUBMISSION,RAINFOREST_RESIN,SEASHELLS,9996,2
57000,,SUBMISSION,RAINFOREST_RESIN,SEASHELLS,9996,1
57100,,SUBMISSION,RAINFOREST_RESIN,SEASHELLS,9996,2
57200,,SUBMISSION,RAINFOREST_RESIN,SEASHELLS,10002,2
57200,,,KELP,SEASHELLS,2019,1
57300,,SUBMISSION,RAINFOREST_RESIN,SEASHELLS,9996,1
57400,SUBMISSION,,KELP,SEASHELLS,2019,2
57400,,SUBMISSION,RAINFOREST_RESIN,SEASHELLS,9995,24
57500,SUBMISSION,,KELP,SEASHELLS,2020,23
57500,SUBMISSION,,KELP,SEASHELLS,2020,2
57500,,SUBMISSION,RAINFOREST_RESIN,SEASHELLS,9998,5
57500,,,KELP,SEASHELLS,2019,5
57600,SUBMISSION,,KELP,SEASHELLS,2020,24
57600,,SUBMISSION,RAINFOREST_RESIN,SEASHELLS,9995,24
57700,SUBMISSION,,KELP,SEASHELLS,2020,29
57700,,SUBMISSION,RAINFOREST_RESIN,SEASHELLS,9995,29
57800,SUBMISSION,,KELP,SEASHELLS,2020,2
57800,,,RAINFOREST_RESIN,SEASHELLS,9998,1
57900,SUBMISSION,,KELP,SEASHELLS,2018,6
57900,SUBMISSION,,RAINFOREST_RESIN,SEASHELLS,9998,1
57900,,,KELP,SEASHELLS,2019,2
57900,,,RAINFOREST_RESIN,SEASHELLS,10000,2
58000,SUBMISSION,,KELP,SEASHELLS,2020,1
58000,SUBMISSION,,RAINFOREST_RESIN,SEASHELLS,9998,4
58000,,,KELP,SEASHELLS,2021,12
58100,SUBMISSION,,KELP,SEASHELLS,2020,11
58100,SUBMISSION,,RAINFOREST_RESIN,SEASHELLS,10005,23
58200,SUBMISSION,,RAINFOREST_RESIN,SEASHELLS,10004,1
58300,SUBMISSION,,RAINFOREST_RESIN,SEASHELLS,10005,29
58400,SUBMISSION,,RAINFOREST_RESIN,SEASHELLS,10004,2
58400,,,KELP,SEASHELLS,2016,15
58500,SUBMISSION,,RAINFOREST_RESIN,SEASHELLS,10002,1
58600,,SUBMISSION,RAINFOREST_RESIN,SEASHELLS,10002,1
58700,,SUBMISSION,RAINFOREST_RESIN,SEASHELLS,9996,2
58800,,SUBMISSION,RAINFOREST_RESIN,SEASHELLS,9995,29
58900,,SUBMISSION,RAINFOREST_RESIN,SEASHELLS,9996,1
59000,,SUBMISSION,RAINFOREST_RESIN,SEASHELLS,9996,2
59100,,SUBMISSION,RAINFOREST_RESIN,SEASHELLS,9995,26
59100,,,KELP,SEASHELLS,2019,1
59100,,,RAINFOREST_RESIN,SEASHELLS,10005,1
59300,,,KELP,SEASHELLS,2016,1
59900,SUBMISSION,,RAINFOREST_RESIN,SEASHELLS,10002,6
60000,SUBMISSION,,RAINFOREST_RESIN,SEASHELLS,10005,22
60000,,,KELP,SEASHELLS,2018,1
60000,,,RAINFOREST_RESIN,SEASHELLS,9998,2
60100,SUBMISSION,,RAINFOREST_RESIN,SEASHELLS,10004,2
60200,SUBMISSION,,RAINFOREST_RESIN,SEASHELLS,10005,25
60200,,,KELP,SEASHELLS,2016,1
60200,,,RAINFOREST_RESIN,SEASHELLS,9995,8
60300,SUBMISSION,,RAINFOREST_RESIN,SEASHELLS,10004,1
60400,SUBMISSION,,RAINFOREST_RESIN,SEASHELLS,9998,1
60500,SUBMISSION,,RAINFOREST_RESIN,SEASHELLS,10004,1
60600,SUBMISSION,,RAINFOREST_RESIN,SEASHELLS,10004,2
60700,SUBMISSION,,RAINFOREST_RESIN,SEASHELLS,10005,22
60700,,,KELP,SEASHELLS,2017,1
60800,,SUBMISSION,RAINFOREST_RESIN,SEASHELLS,10002,10
60800,,,KELP,SEASHELLS,2015,1
60900,,SUBMISSION,RAINFOREST_RESIN,SEASHELLS,9996,2
60900,,,KELP,SEASHELLS,2015,3
61000,,SUBMISSION,RAINFOREST_RESIN,SEASHELLS,9995,28
61100,,SUBMISSION,RAINFOREST_RESIN,SEASHELLS,9995,29
61200,,SUBMISSION,RAINFOREST_RESIN,SEASHELLS,9998,9
61200,,,KELP,SEASHELLS,2016,2
61300,,SUBMISSION,RAINFOREST_RESIN,SEASHELLS,9996,1
61400,,SUBMISSION,RAINFOREST_RESIN,SEASHELLS,9996,1
61500,,SUBMISSION,RAINFOREST_RESIN,SEASHELLS,9996,2
61700,,,KELP,SEASHELLS,2014,1
61900,SUBMISSION,,RAINFOREST_RESIN,SEASHELLS,9998,1
61900,,,KELP,SEASHELLS,2017,2
61900,,,RAINFOREST_RESIN,SEASHELLS,10005,2
62000,SUBMISSION,,RAINFOREST_RESIN,SEASHELLS,10005,20
62000,,,KELP,SEASHELLS,2016,1
62100,SUBMISSION,,RAINFOREST_RESIN,SEASHELLS,10004,2
62200,SUBMISSION,,RAINFOREST_RESIN,SEASHELLS,10002,3
62200,,,RAINFOREST_RESIN,SEASHELLS,10002,4
62300,SUBMISSION,,RAINFOREST_RESIN,SEASHELLS,10005,22
62400,SUBMISSION,,RAINFOREST_RESIN,SEASHELLS,10004,2
62500,SUBMISSION,,RAINFOREST_RESIN,SEASHELLS,10004,1
62600,SUBMISSION,,RAINFOREST_RESIN,SEASHELLS,10005,29
62700,SUBMISSION,,RAINFOREST_RESIN,SEASHELLS,10004,2
62800,SUBMISSION,,RAINFOREST_RESIN,SEASHELLS,10005,18
62800,,,KELP,SEASHELLS,2015,1
62900,,,RAINFOREST_RESIN,SEASHELLS,9998,4
63000,,,KELP,SEASHELLS,2018,1
63100,,,KELP,SEASHELLS,2016,1
63400,,,KELP,SEASHELLS,2018,5
63500,,SUBMISSION,RAINFOREST_RESIN,SEASHELLS,9998,8
63600,,SUBMISSION,RAINFOREST_RESIN,SEASHELLS,9995,21
63600,,,KELP,SEASHELLS,2018,1
63700,,SUBMISSION,RAINFOREST_RESIN,SEASHELLS,9996,2
63800,,SUBMISSION,RAINFOREST_RESIN,SEASHELLS,9996,1
63800,,,KELP,SEASHELLS,2016,1
63900,,SUBMISSION,RAINFOREST_RESIN,SEASHELLS,9995,21
64000,,SUBMISSION,RAINFOREST_RESIN,SEASHELLS,9998,6
64000,,,KELP,SEASHELLS,2016,1
64000,,,RAINFOREST_RESIN,SEASHELLS,9995,1
64100,SUBMISSION,,RAINFOREST_RESIN,SEASHELLS,10002,6
64200,SUBMISSION,,RAINFOREST_RESIN,SEASHELLS,10004,1
64200,,,RAINFOREST_RESIN,SEASHELLS,9996,1
64200,,,RAINFOREST_RESIN,SEASHELLS,9996,2
64300,SUBMISSION,,RAINFOREST_RESIN,SEASHELLS,10004,1
64400,SUBMISSION,,RAINFOREST_RESIN,SEASHELLS,10004,2
64400,,,RAINFOREST_RESIN,SEASHELLS,9998,4
64500,SUBMISSION,,RAINFOREST_RESIN,SEASHELLS,10004,2
64500,,,RAINFOREST_RESIN,SEASHELLS,9998,1
64600,SUBMISSION,,RAINFOREST_RESIN,SEASHELLS,10005,26
64700,SUBMISSION,,RAINFOREST_RESIN,SEASHELLS,10005,21
65000,,,RAINFOREST_RESIN,SEASHELLS,9998,1
65100,,,RAINFOREST_RESIN,SEASHELLS,9996,2
65100,,,RAINFOREST_RESIN,SEASHELLS,9996,1
65200,,SUBMISSION,RAINFOREST_RESIN,SEASHELLS,9998,8
65300,,SUBMISSION,RAINFOREST_RESIN,SEASHELLS,9995,21
65300,,,RAINFOREST_RESIN,SEASHELLS,10002,2
65400,,SUBMISSION,RAINFOREST_RESIN,SEASHELLS,9996,2
65400,,,KELP,SEASHELLS,2016,3
65500,,SUBMISSION,RAINFOREST_RESIN,SEASHELLS,9996,2
65600,,SUBMISSION,RAINFOREST_RESIN,SEASHELLS,9998,5
65700,,SUBMISSION,RAINFOREST_RESIN,SEASHELLS,9995,29
65800,,SUBMISSION,RAINFOREST_RESIN,SEASHELLS,9998,9
65900,,SUBMISSION,RAINFOREST_RESIN,SEASHELLS,9996,1
66000,,SUBMISSION,RAINFOREST_RESIN,SEASHELLS,9998,4
66000,,,RAINFOREST_RESIN,SEASHELLS,9998,1
66100,SUBMISSION,,RAINFOREST_RESIN,SEASHELLS,9998,1
66200,,SUBMISSION,RAINFOREST_RESIN,SEASHELLS,10002,1
66300,,SUBMISSION,RAINFOREST_RESIN,SEASHELLS,9996,1
66300,,,KELP,SEASHELLS,2018,1
66400,SUBMISSION,,RAINFOREST_RESIN,SEASHELLS,9998,3
66500,SUBMISSION,,RAINFOREST_RESIN,SEASHELLS,10004,2
66600,SUBMISSION,,RAINFOREST_RESIN,SEASHELLS,10005,22
66700,SUBMISSION,,RAINFOREST_RESIN,SEASHELLS,10005,27
66800,SUBMISSION,,RAINFOREST_RESIN,SEASHELLS,10005,28
66900,,,KELP,SEASHELLS,2017,1
67100,,,KELP,SEASHELLS,2018,9
67200,,,KELP,SEASHELLS,2015,1
67300,,,RAINFOREST_RESIN,SEASHELLS,9998,5
67500,,,KELP,SEASHELLS,2015,1
67600,,,KELP,SEASHELLS,2018,12
68000,,,KELP,SEASHELLS,2015,6
68100,,,RAINFOREST_RESIN,SEASHELLS,9998,2
68200,,,KELP,SEASHELLS,2017,1
68300,,,KELP,SEASHELLS,2017,1
68600,,,KELP,SEASHELLS,2015,1
68900,,,KELP,SEASHELLS,2017,1
69100,,SUBMISSION,RAINFOREST_RESIN,SEASHELLS,9998,9
69100,,,KELP,SEASHELLS,2017,1
69100,,,KELP,SEASHELLS,2015,8
69100,,,KELP,SEASHELLS,2015,1
69200,,SUBMISSION,RAINFOREST_RESIN,SEASHELLS,9996,2
69200,,,KELP,SEASHELLS,2017,2
69200,,,KELP,SEASHELLS,2017,1
69300,,SUBMISSION,RAINFOREST_RESIN,SEASHELLS,9995,21
69300,,,KELP,SEASHELLS,2017,1
69300,,,RAINFOREST_RESIN,SEASHELLS,9998,1
69400,,SUBMISSION,RAINFOREST_RESIN,SEASHELLS,10002,1
69500,,SUBMISSION,RAINFOREST_RESIN,SEASHELLS,9998,1
69600,,SUBMISSION,RAINFOREST_RESIN,SEASHELLS,9995,23
69600,,,KELP,SEASHELLS,2015,1
69700,,SUBMISSION,RAINFOREST_RESIN,SEASHELLS,10002,1
69700,,,KELP,SEASHELLS,2015,2
69700,,,RAINFOREST_RESIN,SEASHELLS,9996,1
69700,,,RAINFOREST_RESIN,SEASHELLS,9996,1
69800,,SUBMISSION,RAINFOREST_RESIN,SEASHELLS,9996,1
69900,,SUBMISSION,RAINFOREST_RESIN,SEASHELLS,9996,2
70000,,SUBMISSION,RAINFOREST_RESIN,SEASHELLS,9996,2
70100,,SUBMISSION,RAINFOREST_RESIN,SEASHELLS,9996,2
70100,,,KELP,SEASHELLS,2015,1
70200,,SUBMISSION,RAINFOREST_RESIN,SEASHELLS,9996,1
70300,SUBMISSION,,RAINFOREST_RESIN,SEASHELLS,9998,2
70300,,,RAINFOREST_RESIN,SEASHELLS,9998,2
70400,SUBMISSION,,RAINFOREST_RESIN,SEASHELLS,10005,26
70500,SUBMISSION,,RAINFOREST_RESIN,SEASHELLS,10000,3
70600,SUBMISSION,,RAINFOREST_RESIN,SEASHELLS,10004,1
70600,,,KELP,SEASHELLS,2015,2
70600,,,RAINFOREST_RESIN,SEASHELLS,9996,1
70700,SUBMISSION,,RAINFOREST_RESIN,SEASHELLS,10005,26
70800,,SUBMISSION,RAINFOREST_RESIN,SEASHELLS,10002,1
70800,,,KELP,SEASHELLS,2015,1
70900,,SUBMISSION,RAINFOREST_RESIN,SEASHELLS,9996,2
71000,,SUBMISSION,RAINFOREST_RESIN,SEASHELLS,9996,1
71100,,SUBMISSION,RAINFOREST_RESIN,SEASHELLS,9998,9
71200,,SUBMISSION,RAINFOREST_RESIN,SEASHELLS,10002,1
71200,,,KELP,SEASHELLS,2015,1
71300,,SUBMISSION,RAINFOREST_RESIN,SEASHELLS,9996,2
71400,,SUBMISSION,RAINFOREST_RESIN,SEASHELLS,9996,2
71500,,SUBMISSION,RAINFOREST_RESIN,SEASHELLS,10002,1
71500,,,KELP,SEASHELLS,2015,3
71500,,,RAINFOREST_RESIN,SEASHELLS,10002,3
71600,SUBMISSION,,RAINFOREST_RESIN,SEASHELLS,9998,2
71600,SUBMISSION,,RAINFOREST_RESIN,SEASHELLS,9998,1
71700,SUBMISSION,,RAINFOREST_RESIN,SEASHELLS,10004,2
71700,,,KELP,SEASHELLS,2014,8
71800,SUBMISSION,,RAINFOREST_RESIN,SEASHELLS,10004,2
71900,SUBMISSION,,RAINFOREST_RESIN,SEASHELLS,10004,1
71900,,,RAINFOREST_RESIN,SEASHELLS,10002,1
72000,SUBMISSION,,RAINFOREST_RESIN,SEASHELLS,10004,1
72000,,,KELP,SEASHELLS,2017,1
72100,SUBMISSION,,RAINFOREST_RESIN,SEASHELLS,10005,18
72400,,,RAINFOREST_RESIN,SEASHELLS,10002,1
72500,,,KELP,SEASHELLS,2017,1
72500,,,RAINFOREST_RESIN,SEASHELLS,10004,1
72900,,,KELP,SEASHELLS,2017,1
72900,,,RAINFOREST_RESIN,SEASHELLS,10004,1
73000,,,KELP,SEASHELLS,2014,1
73000,,,RAINFOREST_RESIN,SEASHELLS,10002,1
73100,,,RAINFOREST_RESIN,SEASHELLS,10002,1
73900,,,KELP,SEASHELLS,2015,5
73900,,,KELP,SEASHELLS,2015,3
74000,,SUBMISSION,RAINFOREST_RESIN,SEASHELLS,10002,1
74100,,SUBMISSION,RAINFOREST_RESIN,SEASHELLS,10000,6
74200,,SUBMISSION,RAINFOREST_RESIN,SEASHELLS,9996,2
74300,,SUBMISSION,RAINFOREST_RESIN,SEASHELLS,9996,2
74300,,,KELP,SEASHELLS,2014,1
74400,,SUBMISSION,RAINFOREST_RESIN,SEASHELLS,9995,30
74500,,SUBMISSION,RAINFOREST_RESIN,SEASHELLS,10000,3
74600,,SUBMISSION,RAINFOREST_RESIN,SEASHELLS,10002,1
74700,,SUBMISSION,RAINFOREST_RESIN,SEASHELLS,9996,2
74800,,SUBMISSION,RAINFOREST_RESIN,SEASHELLS,9998,9
74900,,SUBMISSION,RAINFOREST_RESIN,SEASHELLS,10002,1
75000,SUBMISSION,,RAINFOREST_RESIN,SEASHELLS,9998,1
75000,,,KELP,SEASHELLS,2016,1
75000,,,RAINFOREST_RESIN,SEASHELLS,9995,9
75100,SUBMISSION,,RAINFOREST_RESIN,SEASHELLS,10005,30
75200,SUBMISSION,,RAINFOREST_RESIN,SEASHELLS,10004,2
75300,SUBMISSION,,RAINFOREST_RESIN,SEASHELLS,10004,1
75400,SUBMISSION,,RAINFOREST_RESIN,SEASHELLS,10004,1
75500,SUBMISSION,,RAINFOREST_RESIN,SEASHELLS,10004,2
75500,,,KELP,SEASHELLS,2014,2
75500,,,RAINFOREST_RESIN,SEASHELLS,9996,2
75600,SUBMISSION,,RAINFOREST_RESIN,SEASHELLS,10004,2
75600,,,RAINFOREST_RESIN,SEASHELLS,10002,1
75700,SUBMISSION,,RAINFOREST_RESIN,SEASHELLS,10004,1
75800,SUBMISSION,,RAINFOREST_RESIN,SEASHELLS,10004,1
75900,SUBMISSION,,RAINFOREST_RESIN,SEASHELLS,10002,8
75900,,,KELP,SEASHELLS,2014,6
76000,SUBMISSION,,RAINFOREST_RESIN,SEASHELLS,10004,2
76100,SUBMISSION,,RAINFOREST_RESIN,SEASHELLS,9998,1
76200,SUBMISSION,,RAINFOREST_RESIN,SEASHELLS,10004,1
76200,,,KELP,SEASHELLS,2014,14
76300,SUBMISSION,,RAINFOREST_RESIN,SEASHELLS,10005,4
76900,,,KELP,SEASHELLS,2014,2
76900,,,KELP,SEASHELLS,2014,3
77000,,,KELP,SEASHELLS,2016,2
77000,,,RAINFOREST_RESIN,SEASHELLS,10002,2
77100,,SUBMISSION,RAINFOREST_RESIN,SEASHELLS,10000,3
77100,,,KELP,SEASHELLS,2015,2
77200,,SUBMISSION,RAINFOREST_RESIN,SEASHELLS,9996,1
77200,,,KELP,SEASHELLS,2014,1
77200,,,KELP,SEASHELLS,2012,10
77300,,SUBMISSION,RAINFOREST_RESIN,SEASHELLS,9996,2
77400,SUBMISSION,,RAINFOREST_RESIN,SEASHELLS,10002,2
77500,SUBMISSION,,RAINFOREST_RESIN,SEASHELLS,10004,2
77600,SUBMISSION,,RAINFOREST_RESIN,SEASHELLS,10004,2
77600,,,KELP,SEASHELLS,2012,3
77600,,,KELP,SEASHELLS,2012,7
77900,,SUBMISSION,RAINFOREST_RESIN,SEASHELLS,10002,3
78000,SUBMISSION,,RAINFOREST_RESIN,SEASHELLS,9998,3
78100,,,KELP,SEASHELLS,2013,1
78100,,,KELP,SEASHELLS,2014,3
78100,,,RAINFOREST_RESIN,SEASHELLS,10002,1
78500,,,RAINFOREST_RESIN,SEASHELLS,10004,1
78500,,,RAINFOREST_RESIN,SEASHELLS,10004,10
78700,,,KELP,SEASHELLS,2013,2
78800,,SUBMISSION,RAINFOREST_RESIN,SEASHELLS,10002,1
78900,,SUBMISSION,RAINFOREST_RESIN,SEASHELLS,10002,1
78900,,,KELP,SEASHELLS,2015,1
79000,,SUBMISSION,RAINFOREST_RESIN,SEASHELLS,9998,2
79000,,,KELP,SEASHELLS,2013,3
79100,,SUBMISSION,RAINFOREST_RESIN,SEASHELLS,9996,1
79100,,,KELP,SEASHELLS,2013,1
79200,,SUBMISSION,RAINFOREST_RESIN,SEASHELLS,9996,1
79200,,,KELP,SEASHELLS,2014,5
79200,,,RAINFOREST_RESIN,SEASHELLS,9998,3
79300,,SUBMISSION,RAINFOREST_RESIN,SEASHELLS,9998,3
79400,,SUBMISSION,RAINFOREST_RESIN,SEASHELLS,9998,6
79400,,,KELP,SEASHELLS,2013,1
79500,,SUBMISSION,RAINFOREST_RESIN,SEASHELLS,9996,2
79600,,SUBMISSION,RAINFOREST_RESIN,SEASHELLS,9995,25
79600,,,KELP,SEASHELLS,2013,13
79700,,SUBMISSION,RAINFOREST_RESIN,SEASHELLS,9995,24
79800,,SUBMISSION,RAINFOREST_RESIN,SEASHELLS,10002,1
79900,,SUBMISSION,RAINFOREST_RESIN,SEASHELLS,9998,1
79900,,,KELP,SEASHELLS,2013,1
79900,,,RAINFOREST_RESIN,SEASHELLS,9998,3
80000,,SUBMISSION,RAINFOREST_RESIN,SEASHELLS,9996,2
80100,,SUBMISSION,RAINFOREST_RESIN,SEASHELLS,9996,2
80200,,SUBMISSION,RAINFOREST_RESIN,SEASHELLS,9995,28
80500,SUBMISSION,,RAINFOREST_RESIN,SEASHELLS,10000,6
80600,SUBMISSION,,RAINFOREST_RESIN,SEASHELLS,10002,9
80700,SUBMISSION,,RAINFOREST_RESIN,SEASHELLS,10004,1
80800,SUBMISSION,,RAINFOREST_RESIN,SEASHELLS,10002,3
80900,SUBMISSION,,RAINFOREST_RESIN,SEASHELLS,10002,5
80900,,,KELP,SEASHELLS,2013,1
81000,SUBMISSION,,RAINFOREST_RESIN,SEASHELLS,10005,29
81100,SUBMISSION,,RAINFOREST_RESIN,SEASHELLS,10004,1
81100,,,KELP,SEASHELLS,2015,1
81200,SUBMISSION,,RAINFOREST_RESIN,SEASHELLS,10005,22
81300,SUBMISSION,,RAINFOREST_RESIN,SEASHELLS,10004,1
81400,SUBMISSION,,RAINFOREST_RESIN,SEASHELLS,10004,1
81400,,,RAINFOREST_RESIN,SEASHELLS,10005,12
81500,SUBMISSION,,RAINFOREST_RESIN,SEASHELLS,10004,2
81600,SUBMISSION,,RAINFOREST_RESIN,SEASHELLS,10004,2
81700,SUBMISSION,,RAINFOREST_RESIN,SEASHELLS,10004,1
81800,,SUBMISSION,RAINFOREST_RESIN,SEASHELLS,10002,1
81900,SUBMISSION,,RAINFOREST_RESIN,SEASHELLS,9998,1
82000,SUBMISSION,,RAINFOREST_RESIN,SEASHELLS,10005,17
82500,,,KELP,SEASHELLS,2015,1
82600,,,KELP,SEASHELLS,2016,1
82600,,,KELP,SEASHELLS,2016,3
82800,,,KELP,SEASHELLS,2018,1
82800,,,RAINFOREST_RESIN,SEASHELLS,10002,1
82900,,SUBMISSION,KELP,SEASHELLS,2015,21
83000,,SUBMISSION,KELP,SEASHELLS,2015,24
83000,,SUBMISSION,KELP,SEASHELLS,2015,1
83100,,SUBMISSION,KELP,SEASHELLS,2016,4
83100,,,KELP,SEASHELLS,2016,1
83100,,,KELP,SEASHELLS,2016,3
83100,,,RAINFOREST_RESIN,SEASHELLS,9998,1
83200,,SUBMISSION,KELP,SEASHELLS,2015,25
83200,,SUBMISSION,KELP,SEASHELLS,2015,2
83300,,SUBMISSION,KELP,SEASHELLS,2016,23
84100,,,RAINFOREST_RESIN,SEASHELLS,9996,1
84100,,,RAINFOREST_RESIN,SEASHELLS,9996,8
84200,,,KELP,SEASHELLS,2016,1
84200,,,RAINFOREST_RESIN,SEASHELLS,9996,2
84200,,,RAINFOREST_RESIN,SEASHELLS,9996,1
84300,,SUBMISSION,RAINFOREST_RESIN,SEASHELLS,9998,7
84300,,,RAINFOREST_RESIN,SEASHELLS,10004,2
84400,,SUBMISSION,RAINFOREST_RESIN,SEASHELLS,9995,20
84500,,SUBMISSION,RAINFOREST_RESIN,SEASHELLS,9998,3
84500,,,KELP,SEASHELLS,2015,1
84600,,SUBMISSION,RAINFOREST_RESIN,SEASHELLS,9996,2
84700,,SUBMISSION,RAINFOREST_RESIN,SEASHELLS,9996,1
84800,,SUBMISSION,RAINFOREST_RESIN,SEASHELLS,9996,2
84900,,SUBMISSION,RAINFOREST_RESIN,SEASHELLS,9995,29
85000,SUBMISSION,,RAINFOREST_RESIN,SEASHELLS,9998,1
85100,SUBMISSION,,RAINFOREST_RESIN,SEASHELLS,10004,1
85100,,,KELP,SEASHELLS,2018,14
85100,,,KELP,SEASHELLS,2015,13
85200,SUBMISSION,,RAINFOREST_RESIN,SEASHELLS,10004,2
85300,SUBMISSION,,RAINFOREST_RESIN,SEASHELLS,10004,1
85400,SUBMISSION,,RAINFOREST_RESIN,SEASHELLS,10004,1
85500,SUBMISSION,,RAINFOREST_RESIN,SEASHELLS,10002,9
85600,SUBMISSION,,RAINFOREST_RESIN,SEASHELLS,10004,2
85700,,SUBMISSION,RAINFOREST_RESIN,SEASHELLS,10002,3
85800,,SUBMISSION,RAINFOREST_RESIN,SEASHELLS,9998,7
85800,,,KELP,SEASHELLS,2015,1
85900,,SUBMISSION,RAINFOREST_RESIN,SEASHELLS,9996,1
85900,,,RAINFOREST_RESIN,SEASHELLS,9998,1
86000,,SUBMISSION,RAINFOREST_RESIN,SEASHELLS,10000,5
86100,,SUBMISSION,RAINFOREST_RESIN,SEASHELLS,10002,1
86200,,SUBMISSION,RAINFOREST_RESIN,SEASHELLS,9996,1
86200,,,KELP,SEASHELLS,2015,3
86300,,SUBMISSION,RAINFOREST_RESIN,SEASHELLS,9998,5
86400,,SUBMISSION,RAINFOREST_RESIN,SEASHELLS,9996,1
86500,,SUBMISSION,RAINFOREST_RESIN,SEASHELLS,9998,3
86600,,SUBMISSION,RAINFOREST_RESIN,SEASHELLS,9995,25
86700,,SUBMISSION,RAINFOREST_RESIN,SEASHELLS,10000,1
86700,,,KELP,SEASHELLS,2015,1
86700,,,RAINFOREST_RESIN,SEASHELLS,9998,1
87200,,,RAINFOREST_RESIN,SEASHELLS,9996,1
87400,,,KELP,SEASHELLS,2015,1
87700,,,KELP,SEASHELLS,2013,1
87900,,,KELP,SEASHELLS,2017,1
87900,,,RAINFOREST_RESIN,SEASHELLS,10005,1
88000,,,KELP,SEASHELLS,2013,2
88000,,,RAINFOREST_RESIN,SEASHELLS,9996,2
88100,SUBMISSION,,RAINFOREST_RESIN,SEASHELLS,9998,1
88100,,,KELP,SEASHELLS,2017,8
88200,,SUBMISSION,RAINFOREST_RESIN,SEASHELLS,10002,1
88300,,,KELP,SEASHELLS,2014,1
88500,,,KELP,SEASHELLS,2016,1
88600,SUBMISSION,,KELP,SEASHELLS,2014,2
88700,SUBMISSION,,KELP,SEASHELLS,2015,4
88800,SUBMISSION,,KELP,SEASHELLS,2014,2
88900,SUBMISSION,,KELP,SEASHELLS,2017,24
88900,SUBMISSION,,KELP,SEASHELLS,2017,1
88900,,,KELP,SEASHELLS,2014,1
89000,SUBMISSION,,KELP,SEASHELLS,2016,3
89100,SUBMISSION,,KELP,SEASHELLS,2017,26
89100,SUBMISSION,,KELP,SEASHELLS,2017,1
89100,,,KELP,SEASHELLS,2014,1
89100,,,RAINFOREST_RESIN,SEASHELLS,9998,1
89200,SUBMISSION,,KELP,SEASHELLS,2016,5
89200,,,RAINFOREST_RESIN,SEASHELLS,10002,1
89300,SUBMISSION,,KELP,SEASHELLS,2017,26
89300,SUBMISSION,,KELP,SEASHELLS,2017,2
89400,SUBMISSION,,KELP,SEASHELLS,2017,4
89600,,,KELP,SEASHELLS,2016,6
89600,,,KELP,SEASHELLS,2016,2
89600,,,RAINFOREST_RESIN,SEASHELLS,9996,1
89800,,,KELP,SEASHELLS,2014,1
89900,,,KELP,SEASHELLS,2014,2
89900,,,RAINFOREST_RESIN,SEASHELLS,9995,2
90000,,,RAINFOREST_RESIN,SEASHELLS,9998,1
90000,,,RAINFOREST_RESIN,SEASHELLS,9998,1
90100,,,RAINFOREST_RESIN,SEASHELLS,10002,3
90200,SUBMISSION,,RAINFOREST_RESIN,SEASHELLS,10002,7
90300,SUBMISSION,,RAINFOREST_RESIN,SEASHELLS,10004,2
90300,,,RAINFOREST_RESIN,SEASHELLS,9998,1
90400,SUBMISSION,,RAINFOREST_RESIN,SEASHELLS,10002,4
90500,SUBMISSION,,RAINFOREST_RESIN,SEASHELLS,10005,26
90600,SUBMISSION,,RAINFOREST_RESIN,SEASHELLS,10004,1
90700,,SUBMISSION,RAINFOREST_RESIN,SEASHELLS,10002,1
90800,,SUBMISSION,RAINFOREST_RESIN,SEASHELLS,9995,25
90900,,SUBMISSION,RAINFOREST_RESIN,SEASHELLS,9995,14
90900,,,KELP,SEASHELLS,2017,1
91000,,,KELP,SEASHELLS,2017,1
91100,,,KELP,SEASHELLS,2015,1
91100,,,RAINFOREST_RESIN,SEASHELLS,9996,1
91200,SUBMISSION,,RAINFOREST_RESIN,SEASHELLS,10002,2
91200,,,KELP,SEASHELLS,2015,1
91200,,,RAINFOREST_RESIN,SEASHELLS,9995,1
91300,SUBMISSION,,RAINFOREST_RESIN,SEASHELLS,10002,6
91400,SUBMISSION,,RAINFOREST_RESIN,SEASHELLS,10004,1
91500,SUBMISSION,,RAINFOREST_RESIN,SEASHELLS,10005,23
91500,,,KELP,SEASHELLS,2015,15
91600,SUBMISSION,,RAINFOREST_RESIN,SEASHELLS,10005,27
91700,SUBMISSION,,RAINFOREST_RESIN,SEASHELLS,9998,1
91800,,SUBMISSION,KELP,SEASHELLS,2017,1
91800,SUBMISSION,,RAINFOREST_RESIN,SEASHELLS,10005,26
91900,,SUBMISSION,KELP,SEASHELLS,2016,3
91900,SUBMISSION,,RAINFOREST_RESIN,SEASHELLS,10002,9
92000,,SUBMISSION,KELP,SEASHELLS,2015,28
92000,SUBMISSION,,RAINFOREST_RESIN,SEASHELLS,10005,5
92100,,SUBMISSION,KELP,SEASHELLS,2015,28
92100,,,RAINFOREST_RESIN,SEASHELLS,9998,1
92200,,SUBMISSION,KELP,SEASHELLS,2015,22
92200,,SUBMISSION,KELP,SEASHELLS,2015,1
92200,,,RAINFOREST_RESIN,SEASHELLS,9996,1
92200,,,RAINFOREST_RESIN,SEASHELLS,9996,1
92300,,SUBMISSION,KELP,SEASHELLS,2015,17
92300,,,KELP,SEASHELLS,2018,12
92700,,SUBMISSION,RAINFOREST_RESIN,SEASHELLS,10002,1
92700,,,KELP,SEASHELLS,2015,1
92700,,,KELP,SEASHELLS,2016,1
92700,,,RAINFOREST_RESIN,SEASHELLS,10002,2
92700,,,RAINFOREST_RESIN,SEASHELLS,9996,1
92800,,SUBMISSION,RAINFOREST_RESIN,SEASHELLS,9996,2
92900,,SUBMISSION,RAINFOREST_RESIN,SEASHELLS,9998,7
92900,,,KELP,SEASHELLS,2016,1
92900,,,RAINFOREST_RESIN,SEASHELLS,9996,1
93000,,SUBMISSION,RAINFOREST_RESIN,SEASHELLS,9995,20
93100,,SUBMISSION,RAINFOREST_RESIN,SEASHELLS,9996,1
93200,SUBMISSION,,RAINFOREST_RESIN,SEASHELLS,9998,1
93200,,,KELP,SEASHELLS,2019,1
93300,SUBMISSION,,RAINFOREST_RESIN,SEASHELLS,10002,9
93300,,,KELP,SEASHELLS,2019,1
93400,SUBMISSION,,RAINFOREST_RESIN,SEASHELLS,9998,3
93400,,,RAINFOREST_RESIN,SEASHELLS,10004,2
93400,,,RAINFOREST_RESIN,SEASHELLS,10004,5
93500,SUBMISSION,,RAINFOREST_RESIN,SEASHELLS,10004,1
93600,SUBMISSION,,RAINFOREST_RESIN,SEASHELLS,10004,2
93600,,,KELP,SEASHELLS,2023,1
93600,,,RAINFOREST_RESIN,SEASHELLS,10005,1
93700,,SUBMISSION,RAINFOREST_RESIN,SEASHELLS,10002,1
93800,,SUBMISSION,RAINFOREST_RESIN,SEASHELLS,9995,30
93800,,,RAINFOREST_RESIN,SEASHELLS,9998,1
93900,,SUBMISSION,RAINFOREST_RESIN,SEASHELLS,9995,28
94000,,SUBMISSION,RAINFOREST_RESIN,SEASHELLS,10002,4
94100,,SUBMISSION,RAINFOREST_RESIN,SEASHELLS,9995,22
94200,,,RAINFOREST_RESIN,SEASHELLS,10002,1
94300,,,RAINFOREST_RESIN,SEASHELLS,10002,1
94400,,,KELP,SEASHELLS,2023,1
94400,,,RAINFOREST_RESIN,SEASHELLS,10005,1
94600,,,RAINFOREST_RESIN,SEASHELLS,9998,1
94900,SUBMISSION,,RAINFOREST_RESIN,SEASHELLS,9998,1
94900,,,KELP,SEASHELLS,2023,6
95000,SUBMISSION,,RAINFOREST_RESIN,SEASHELLS,10004,1
95000,,,KELP,SEASHELLS,2023,1
95000,,,RAINFOREST_RESIN,SEASHELLS,10005,7
95000,,,RAINFOREST_RESIN,SEASHELLS,10005,1
95100,SUBMISSION,,RAINFOREST_RESIN,SEASHELLS,10005,25
95200,SUBMISSION,,RAINFOREST_RESIN,SEASHELLS,10004,2
95300,SUBMISSION,,RAINFOREST_RESIN,SEASHELLS,10002,9
95400,SUBMISSION,,RAINFOREST_RESIN,SEASHELLS,10002,1
95500,SUBMISSION,,RAINFOREST_RESIN,SEASHELLS,10002,4
95600,SUBMISSION,,RAINFOREST_RESIN,SEASHELLS,10005,30
95600,,,KELP,SEASHELLS,2018,1
95700,,SUBMISSION,RAINFOREST_RESIN,SEASHELLS,10002,1
95800,,SUBMISSION,RAINFOREST_RESIN,SEASHELLS,9995,21
95800,,,RAINFOREST_RESIN,SEASHELLS,10005,7
95900,,SUBMISSION,RAINFOREST_RESIN,SEASHELLS,9998,9
96000,,SUBMISSION,RAINFOREST_RESIN,SEASHELLS,9996,1
96000,,,KELP,SEASHELLS,2016,2
96000,,,RAINFOREST_RESIN,SEASHELLS,9995,2
96100,,SUBMISSION,RAINFOREST_RESIN,SEASHELLS,9995,23
96200,SUBMISSION,,RAINFOREST_RESIN,SEASHELLS,9998,5
96200,,,KELP,SEASHELLS,2017,1
96300,SUBMISSION,,RAINFOREST_RESIN,SEASHELLS,10004,2
96300,,,KELP,SEASHELLS,2016,1
96400,SUBMISSION,,RAINFOREST_RESIN,SEASHELLS,10005,30
96500,SUBMISSION,,RAINFOREST_RESIN,SEASHELLS,10004,1
96600,SUBMISSION,,RAINFOREST_RESIN,SEASHELLS,10002,3
96700,SUBMISSION,,RAINFOREST_RESIN,SEASHELLS,10002,9
96800,,SUBMISSION,RAINFOREST_RESIN,SEASHELLS,10002,3
96900,,SUBMISSION,RAINFOREST_RESIN,SEASHELLS,9996,1
96900,,,KELP,SEASHELLS,2018,14
97000,,SUBMISSION,RAINFOREST_RESIN,SEASHELLS,9996,2
97100,,SUBMISSION,RAINFOREST_RESIN,SEASHELLS,9995,28
97100,,,KELP,SEASHELLS,2018,1
97200,SUBMISSION,,RAINFOREST_RESIN,SEASHELLS,10000,3
97200,,,KELP,SEASHELLS,2018,10
97200,,,KELP,SEASHELLS,2019,3
97300,SUBMISSION,,RAINFOREST_RESIN,SEASHELLS,10004,1
97300,,,KELP,SEASHELLS,2018,1
97400,SUBMISSION,,RAINFOREST_RESIN,SEASHELLS,10005,27
97500,SUBMISSION,,RAINFOREST_RESIN,SEASHELLS,10004,2
97600,SUBMISSION,,RAINFOREST_RESIN,SEASHELLS,10002,7
97600,,,RAINFOREST_RESIN,SEASHELLS,10004,1
97700,SUBMISSION,,RAINFOREST_RESIN,SEASHELLS,10005,22
97700,,,KELP,SEASHELLS,2021,1
97800,SUBMISSION,,RAINFOREST_RESIN,SEASHELLS,10002,4
97900,,,KELP,SEASHELLS,2018,1
98400,,,KELP,SEASHELLS,2020,7
98800,,SUBMISSION,RAINFOREST_RESIN,SEASHELLS,10002,1
98800,,,KELP,SEASHELLS,2020,1
98900,,SUBMISSION,RAINFOREST_RESIN,SEASHELLS,9998,10
98900,,,KELP,SEASHELLS,2021,15
99000,,SUBMISSION,RAINFOREST_RESIN,SEASHELLS,9996,1
99000,,,KELP,SEASHELLS,2018,1
99100,,SUBMISSION,RAINFOREST_RESIN,SEASHELLS,9995,25
99200,,SUBMISSION,RAINFOREST_RESIN,SEASHELLS,9996,1
99300,,SUBMISSION,RAINFOREST_RESIN,SEASHELLS,9996,2
99400,,SUBMISSION,RAINFOREST_RESIN,SEASHELLS,9995,26
99400,,,KELP,SEASHELLS,2022,2
99400,,,RAINFOREST_RESIN,SEASHELLS,10005,2
99500,,SUBMISSION,RAINFOREST_RESIN,SEASHELLS,9995,24
99600,,SUBMISSION,RAINFOREST_RESIN,SEASHELLS,10002,1
99700,,SUBMISSION,RAINFOREST_RESIN,SEASHELLS,9996,2
99800,,SUBMISSION,RAINFOREST_RESIN,SEASHELLS,9996,1
99800,,,KELP,SEASHELLS,2022,4
99900,,SUBMISSION,RAINFOREST_RESIN,SEASHELLS,10002,1
99900,,,KELP,SEASHELLS,2018,1
100000,,SUBMISSION,RAINFOREST_RESIN,SEASHELLS,9996,1
100000,,,KELP,SEASHELLS,2020,1
100000,,,RAINFOREST_RESIN,SEASHELLS,10004,1
100100,,SUBMISSION,RAINFOREST_RESIN,SEASHELLS,10002,1
100200,,SUBMISSION,RAINFOREST_RESIN,SEASHELLS,9998,3
100200,,,RAINFOREST_RESIN,SEASHELLS,9998,1
100500,,,RAINFOREST_RESIN,SEASHELLS,9995,8
100700,,,RAINFOREST_RESIN,SEASHELLS,10002,1
100900,,,KELP,SEASHELLS,2018,8
101200,,,KELP,SEASHELLS,2019,1
101200,,,KELP,SEASHELLS,2022,15
101200,,,KELP,SEASHELLS,2022,2
101200,,,RAINFOREST_RESIN,SEASHELLS,10005,2
101300,SUBMISSION,,RAINFOREST_RESIN,SEASHELLS,9998,2
101400,SUBMISSION,,RAINFOREST_RESIN,SEASHELLS,10005,22
101500,SUBMISSION,,RAINFOREST_RESIN,SEASHELLS,10004,2
101500,,,KELP,SEASHELLS,2019,1
101500,,,KELP,SEASHELLS,2022,2
101500,,,RAINFOREST_RESIN,SEASHELLS,9998,3
101500,,,RAINFOREST_RESIN,SEASHELLS,10005,2
101600,SUBMISSION,,RAINFOREST_RESIN,SEASHELLS,10005,27
101600,,,KELP,SEASHELLS,2019,5
101600,,,KELP,SEASHELLS,2019,1
101700,SUBMISSION,,RAINFOREST_RESIN,SEASHELLS,10005,27
101800,SUBMISSION,,RAINFOREST_RESIN,SEASHELLS,10004,2
101900,SUBMISSION,,RAINFOREST_RESIN,SEASHELLS,10004,2
102000,,SUBMISSION,RAINFOREST_RESIN,SEASHELLS,10002,1
102100,,SUBMISSION,RAINFOREST_RESIN,SEASHELLS,9998,3
102200,,SUBMISSION,RAINFOREST_RESIN,SEASHELLS,9995,30
102200,,,KELP,SEASHELLS,2021,1
102200,,,KELP,SEASHELLS,2021,2
102200,,,RAINFOREST_RESIN,SEASHELLS,10005,2
102300,,SUBMISSION,RAINFOREST_RESIN,SEASHELLS,9996,1
102300,,,RAINFOREST_RESIN,SEASHELLS,9998,4
102400,,SUBMISSION,RAINFOREST_RESIN,SEASHELLS,9995,23
102500,SUBMISSION,,RAINFOREST_RESIN,SEASHELLS,10002,9
102600,SUBMISSION,,RAINFOREST_RESIN,SEASHELLS,10004,2
102600,,,KELP,SEASHELLS,2019,2
102600,,,RAINFOREST_RESIN,SEASHELLS,9998,2
102600,,,RAINFOREST_RESIN,SEASHELLS,9998,1
102700,SUBMISSION,,RAINFOREST_RESIN,SEASHELLS,10005,21
102800,SUBMISSION,,RAINFOREST_RESIN,SEASHELLS,10004,2
102900,SUBMISSION,,RAINFOREST_RESIN,SEASHELLS,10004,1
103000,SUBMISSION,,RAINFOREST_RESIN,SEASHELLS,10004,1
103100,SUBMISSION,,RAINFOREST_RESIN,SEASHELLS,10004,1
103200,,SUBMISSION,RAINFOREST_RESIN,SEASHELLS,9998,5
103300,,SUBMISSION,RAINFOREST_RESIN,SEASHELLS,9996,1
103400,,SUBMISSION,RAINFOREST_RESIN,SEASHELLS,9998,9
103400,,,RAINFOREST_RESIN,SEASHELLS,10002,1
103500,,SUBMISSION,RAINFOREST_RESIN,SEASHELLS,9996,1
103600,,SUBMISSION,RAINFOREST_RESIN,SEASHELLS,9996,2
103700,,SUBMISSION,RAINFOREST_RESIN,SEASHELLS,9996,1
103800,,SUBMISSION,RAINFOREST_RESIN,SEASHELLS,9998,5
103900,,SUBMISSION,RAINFOREST_RESIN,SEASHELLS,9996,2
104000,,SUBMISSION,RAINFOREST_RESIN,SEASHELLS,9995,27
104100,,SUBMISSION,RAINFOREST_RESIN,SEASHELLS,9996,1
104200,,SUBMISSION,RAINFOREST_RESIN,SEASHELLS,9996,1
104200,,,KELP,SEASHELLS,2019,1
104300,,SUBMISSION,RAINFOREST_RESIN,SEASHELLS,9995,8
104300,,,KELP,SEASHELLS,2019,1
104700,,,RAINFOREST_RESIN,SEASHELLS,10002,1
104900,,,KELP,SEASHELLS,2021,1
104900,,,RAINFOREST_RESIN,SEASHELLS,10004,1
105000,SUBMISSION,,RAINFOREST_RESIN,SEASHELLS,10002,2
105100,SUBMISSION,,RAINFOREST_RESIN,SEASHELLS,10004,2
105200,SUBMISSION,,RAINFOREST_RESIN,SEASHELLS,10004,1
105200,,,KELP,SEASHELLS,2018,1
105300,SUBMISSION,,RAINFOREST_RESIN,SEASHELLS,10002,9
105400,,SUBMISSION,RAINFOREST_RESIN,SEASHELLS,10002,1
105500,,SUBMISSION,RAINFOREST_RESIN,SEASHELLS,9998,1
105600,,SUBMISSION,RAINFOREST_RESIN,SEASHELLS,9998,8
105700,,SUBMISSION,RAINFOREST_RESIN,SEASHELLS,9998,4
105700,,,KELP,SEASHELLS,2020,1
106000,,,KELP,SEASHELLS,2018,4
106100,,,RAINFOREST_RESIN,SEASHELLS,9996,2
106100,,,RAINFOREST_RESIN,SEASHELLS,9996,5
106200,,,KELP,SEASHELLS,2021,13
106300,SUBMISSION,,RAINFOREST_RESIN,SEASHELLS,9998,2
106300,,,KELP,SEASHELLS,2018,1
106300,,,KELP,SEASHELLS,2018,4
106300,,,KELP,SEASHELLS,2018,4
106300,,,RAINFOREST_RESIN,SEASHELLS,9998,1
106400,SUBMISSION,,RAINFOREST_RESIN,SEASHELLS,10000,6
106500,SUBMISSION,,RAINFOREST_RESIN,SEASHELLS,10005,20
106600,SUBMISSION,,RAINFOREST_RESIN,SEASHELLS,9998,3
106600,SUBMISSION,,RAINFOREST_RESIN,SEASHELLS,9998,1
106600,,,RAINFOREST_RESIN,SEASHELLS,9998,2
106700,SUBMISSION,,RAINFOREST_RESIN,SEASHELLS,9998,1
106800,,SUBMISSION,RAINFOREST_RESIN,SEASHELLS,10002,1
106900,,SUBMISSION,RAINFOREST_RESIN,SEASHELLS,9995,29
107000,,SUBMISSION,RAINFOREST_RESIN,SEASHELLS,9996,1
107100,,SUBMISSION,RAINFOREST_RESIN,SEASHELLS,9995,2
107400,,,KELP,SEASHELLS,2019,1
107400,,,RAINFOREST_RESIN,SEASHELLS,9995,1
107600,,,KELP,SEASHELLS,2020,1
108100,SUBMISSION,,RAINFOREST_RESIN,SEASHELLS,9998,1
108200,SUBMISSION,,KELP,SEASHELLS,2019,1
108200,SUBMISSION,,RAINFOREST_RESIN,SEASHELLS,10004,2
108300,SUBMISSION,,KELP,SEASHELLS,2021,21
108300,SUBMISSION,,RAINFOREST_RESIN,SEASHELLS,10005,21
108400,SUBMISSION,,KELP,SEASHELLS,2020,25
108400,SUBMISSION,,KELP,SEASHELLS,2020,1
108400,SUBMISSION,,RAINFOREST_RESIN,SEASHELLS,10002,8
108400,,,KELP,SEASHELLS,2019,1
108500,SUBMISSION,,KELP,SEASHELLS,2020,23
108500,SUBMISSION,,KELP,SEASHELLS,2020,2
108500,SUBMISSION,,RAINFOREST_RESIN,SEASHELLS,10004,2
108500,,,KELP,SEASHELLS,2017,1
108600,SUBMISSION,,KELP,SEASHELLS,2020,26
108600,SUBMISSION,,KELP,SEASHELLS,2020,1
108600,SUBMISSION,,RAINFOREST_RESIN,SEASHELLS,9998,3
108600,SUBMISSION,,RAINFOREST_RESIN,SEASHELLS,9998,1
108700,SUBMISSION,,RAINFOREST_RESIN,SEASHELLS,10005,23
108800,SUBMISSION,,RAINFOREST_RESIN,SEASHELLS,10005,20
108900,SUBMISSION,,RAINFOREST_RESIN,SEASHELLS,10004,1
109000,SUBMISSION,,RAINFOREST_RESIN,SEASHELLS,10002,2
109000,,,KELP,SEASHELLS,2017,1
109100,SUBMISSION,,RAINFOREST_RESIN,SEASHELLS,10004,1
109100,,,KELP,SEASHELLS,2017,1
109200,,SUBMISSION,RAINFOREST_RESIN,SEASHELLS,9998,2
109300,,SUBMISSION,RAINFOREST_RESIN,SEASHELLS,9995,21
109300,,,KELP,SEASHELLS,2017,1
109300,,,KELP,SEASHELLS,2020,11
109400,,SUBMISSION,RAINFOREST_RESIN,SEASHELLS,9995,21
109500,,SUBMISSION,RAINFOREST_RESIN,SEASHELLS,9996,2
109600,SUBMISSION,,RAINFOREST_RESIN,SEASHELLS,9998,1
109700,SUBMISSION,,RAINFOREST_RESIN,SEASHELLS,10004,1
109700,,,KELP,SEASHELLS,2018,1
109800,,SUBMISSION,RAINFOREST_RESIN,SEASHELLS,10002,1
109900,,SUBMISSION,RAINFOREST_RESIN,SEASHELLS,10002,1
110000,,SUBMISSION,RAINFOREST_RESIN,SEASHELLS,9996,1
110000,,,RAINFOREST_RESIN,SEASHELLS,9995,8
110100,,SUBMISSION,RAINFOREST_RESIN,SEASHELLS,9996,1
110100,,,KELP,SEASHELLS,2018,1
110200,,SUBMISSION,RAINFOREST_RESIN,SEASHELLS,9995,20
110300,,SUBMISSION,RAINFOREST_RESIN,SEASHELLS,9996,2
110400,,SUBMISSION,RAINFOREST_RESIN,SEASHELLS,9995,15
110400,,,KELP,SEASHELLS,2018,7
110400,,,RAINFOREST_RESIN,SEASHELLS,10005,10
111000,,SUBMISSION,KELP,SEASHELLS,2021,1
111000,SUBMISSION,,RAINFOREST_RESIN,SEASHELLS,9998,1
111000,,,KELP,SEASHELLS,2019,4
111000,,,RAINFOREST_RESIN,SEASHELLS,10004,2
111100,,SUBMISSION,KELP,SEASHELLS,2019,25
111100,,SUBMISSION,KELP,SEASHELLS,2019,2
111100,SUBMISSION,,RAINFOREST_RESIN,SEASHELLS,9998,4
111100,,,KELP,SEASHELLS,2022,15
111200,,SUBMISSION,KELP,SEASHELLS,2019,21
111200,,SUBMISSION,KELP,SEASHELLS,2019,1
111200,SUBMISSION,,RAINFOREST_RESIN,SEASHELLS,10004,1
111300,,SUBMISSION,KELP,SEASHELLS,2019,1
111300,,SUBMISSION,KELP,SEASHELLS,2019,29
111300,,SUBMISSION,KELP,SEASHELLS,2019,1
111300,SUBMISSION,,RAINFOREST_RESIN,SEASHELLS,9998,3
111300,,,KELP,SEASHELLS,2019,1
111400,,SUBMISSION,KELP,SEASHELLS,2019,19
111400,SUBMISSION,,RAINFOREST_RESIN,SEASHELLS,10004,1
111500,SUBMISSION,,RAINFOREST_RESIN,SEASHELLS,10004,1
111600,SUBMISSION,,RAINFOREST_RESIN,SEASHELLS,10004,2
111700,SUBMISSION,,RAINFOREST_RESIN,SEASHELLS,10004,2
111700,,,KELP,SEASHELLS,2019,1
111800,SUBMISSION,,RAINFOREST_RESIN,SEASHELLS,10005,22
111900,SUBMISSION,,RAINFOREST_RESIN,SEASHELLS,10002,5
112000,SUBMISSION,,RAINFOREST_RESIN,SEASHELLS,10004,2
112100,SUBMISSION,,RAINFOREST_RESIN,SEASHELLS,9998,5
112200,,SUBMISSION,RAINFOREST_RESIN,SEASHELLS,9998,1
112300,,SUBMISSION,RAINFOREST_RESIN,SEASHELLS,9995,26
112400,,SUBMISSION,RAINFOREST_RESIN,SEASHELLS,9998,9
112500,,SUBMISSION,RAINFOREST_RESIN,SEASHELLS,9996,2
112600,,SUBMISSION,RAINFOREST_RESIN,SEASHELLS,9995,11
113000,,,RAINFOREST_RESIN,SEASHELLS,10002,6
113300,,,KELP,SEASHELLS,2018,5
113700,,,KELP,SEASHELLS,2018,1
113700,,,KELP,SEASHELLS,2018,6
113700,,,KELP,SEASHELLS,2018,6
113800,,,KELP,SEASHELLS,2021,13
113800,,,KELP,SEASHELLS,2017,2
113800,,,RAINFOREST_RESIN,SEASHELLS,10002,1
114000,SUBMISSION,,RAINFOREST_RESIN,SEASHELLS,9998,11
114100,SUBMISSION,,RAINFOREST_RESIN,SEASHELLS,10004,2
114100,,,KELP,SEASHELLS,2020,1
114200,SUBMISSION,,RAINFOREST_RESIN,SEASHELLS,10004,2
114300,SUBMISSION,,RAINFOREST_RESIN,SEASHELLS,10004,2
114400,SUBMISSION,,RAINFOREST_RESIN,SEASHELLS,10002,2
114400,,,RAINFOREST_RESIN,SEASHELLS,10005,9
114500,SUBMISSION,,RAINFOREST_RESIN,SEASHELLS,10004,1
114600,SUBMISSION,,RAINFOREST_RESIN,SEASHELLS,10004,1
114700,SUBMISSION,,RAINFOREST_RESIN,SEASHELLS,10004,2
114800,SUBMISSION,,RAINFOREST_RESIN,SEASHELLS,10004,2
114800,,,KELP,SEASHELLS,2021,15
114900,SUBMISSION,,RAINFOREST_RESIN,SEASHELLS,10005,21
115000,SUBMISSION,,RAINFOREST_RESIN,SEASHELLS,10004,1
115100,SUBMISSION,,RAINFOREST_RESIN,SEASHELLS,10005,25
115200,SUBMISSION,,RAINFOREST_RESIN,SEASHELLS,10005,21
115300,SUBMISSION,,RAINFOREST_RESIN,SEASHELLS,9998,1
115400,SUBMISSION,,RAINFOREST_RESIN,SEASHELLS,10005,6
115700,,,KELP,SEASHELLS,2020,1
116000,,,KELP,SEASHELLS,2018,1
116000,,,KELP,SEASHELLS,2021,10
116200,,,KELP,SEASHELLS,2018,1
116200,,,RAINFOREST_RESIN,SEASHELLS,9995,1
116700,,SUBMISSION,RAINFOREST_RESIN,SEASHELLS,10002,1
116800,,SUBMISSION,RAINFOREST_RESIN,SEASHELLS,10002,3
116900,SUBMISSION,,KELP,SEASHELLS,2019,2
116900,,SUBMISSION,RAINFOREST_RESIN,SEASHELLS,9996,1
116900,,,RAINFOREST_RESIN,SEASHELLS,9995,8
117000,SUBMISSION,,KELP,SEASHELLS,2020,1
117000,,SUBMISSION,RAINFOREST_RESIN,SEASHELLS,9996,1
117100,SUBMISSION,,KELP,SEASHELLS,2021,24
117100,SUBMISSION,,KELP,SEASHELLS,2021,2
117100,,SUBMISSION,RAINFOREST_RESIN,SEASHELLS,9996,2
117200,SUBMISSION,,KELP,SEASHELLS,2021,20
117200,SUBMISSION,,KELP,SEASHELLS,2021,2
117200,,SUBMISSION,RAINFOREST_RESIN,SEASHELLS,9996,2
117300,SUBMISSION,,KELP,SEASHELLS,2019,2
117300,,SUBMISSION,RAINFOREST_RESIN,SEASHELLS,9998,5
117400,SUBMISSION,,KELP,SEASHELLS,2021,27
117400,,SUBMISSION,RAINFOREST_RESIN,SEASHELLS,9995,27
117500,SUBMISSION,,KELP,SEASHELLS,2020,1
117500,,SUBMISSION,RAINFOREST_RESIN,SEASHELLS,9996,2
117500,,,KELP,SEASHELLS,2018,2
117600,SUBMISSION,,KELP,SEASHELLS,2021,19
117600,,SUBMISSION,RAINFOREST_RESIN,SEASHELLS,9996,1
117700,,SUBMISSION,RAINFOREST_RESIN,SEASHELLS,9996,1
117700,,,KELP,SEASHELLS,2018,1
117800,,SUBMISSION,RAINFOREST_RESIN,SEASHELLS,9996,2
117900,,SUBMISSION,RAINFOREST_RESIN,SEASHELLS,9996,2
118000,,SUBMISSION,RAINFOREST_RESIN,SEASHELLS,9996,1
118100,,SUBMISSION,RAINFOREST_RESIN,SEASHELLS,9996,2
118100,,,RAINFOREST_RESIN,SEASHELLS,10002,1
118200,,SUBMISSION,RAINFOREST_RESIN,SEASHELLS,9995,21
118200,,,KELP,SEASHELLS,2017,1
118300,,SUBMISSION,RAINFOREST_RESIN,SEASHELLS,9996,1
118300,,,KELP,SEASHELLS,2018,1
118400,,SUBMISSION,RAINFOREST_RESIN,SEASHELLS,9996,2
118500,,SUBMISSION,RAINFOREST_RESIN,SEASHELLS,9996,1
118600,,SUBMISSION,RAINFOREST_RESIN,SEASHELLS,9996,2
118700,,SUBMISSION,RAINFOREST_RESIN,SEASHELLS,9996,1
118700,,,KELP,SEASHELLS,2017,10
118800,,SUBMISSION,RAINFOREST_RESIN,SEASHELLS,9996,2
118900,,SUBMISSION,RAINFOREST_RESIN,SEASHELLS,9995,17
119100,,,KELP,SEASHELLS,2019,2
119300,SUBMISSION,,RAINFOREST_RESIN,SEASHELLS,9998,1
119300,,,RAINFOREST_RESIN,SEASHELLS,10002,1
119400,SUBMISSION,,RAINFOREST_RESIN,SEASHELLS,10005,24
119500,SUBMISSION,,RAINFOREST_RESIN,SEASHELLS,10002,2
119600,SUBMISSION,,RAINFOREST_RESIN,SEASHELLS,10004,2
119600,,,KELP,SEASHELLS,2017,1
119700,SUBMISSION,,RAINFOREST_RESIN,SEASHELLS,10004,1
119800,,SUBMISSION,RAINFOREST_RESIN,SEASHELLS,10000,4
119800,,,KELP,SEASHELLS,2019,1
119800,,,KELP,SEASHELLS,2018,1
119800,,,RAINFOREST_RESIN,SEASHELLS,9998,1
119900,,SUBMISSION,RAINFOREST_RESIN,SEASHELLS,10002,1
119900,,,KELP,SEASHELLS,2017,1
120000,,SUBMISSION,RAINFOREST_RESIN,SEASHELLS,10002,1
120100,,SUBMISSION,RAINFOREST_RESIN,SEASHELLS,9995,22
120200,,SUBMISSION,RAINFOREST_RESIN,SEASHELLS,10002,1
120300,,SUBMISSION,RAINFOREST_RESIN,SEASHELLS,9996,1
120300,,,KELP,SEASHELLS,2015,2
120300,,,RAINFOREST_RESIN,SEASHELLS,9996,1
120400,,,KELP,SEASHELLS,2015,2
120500,SUBMISSION,,RAINFOREST_RESIN,SEASHELLS,10002,4
120500,,,KELP,SEASHELLS,2015,3
120500,,,KELP,SEASHELLS,2015,5
120500,,,KELP,SEASHELLS,2015,1
120500,,,KELP,SEASHELLS,2015,4
120500,,,RAINFOREST_RESIN,SEASHELLS,10004,1
120600,SUBMISSION,,RAINFOREST_RESIN,SEASHELLS,10005,22
120600,,,KELP,SEASHELLS,2014,1
120700,SUBMISSION,,RAINFOREST_RESIN,SEASHELLS,10005,28
120800,SUBMISSION,,RAINFOREST_RESIN,SEASHELLS,10005,23
120900,SUBMISSION,,RAINFOREST_RESIN,SEASHELLS,10005,23
121100,,,KELP,SEASHELLS,2013,1
121400,,SUBMISSION,RAINFOREST_RESIN,SEASHELLS,10002,5
121500,,SUBMISSION,RAINFOREST_RESIN,SEASHELLS,9995,29
121500,,,KELP,SEASHELLS,2015,1
121500,,,RAINFOREST_RESIN,SEASHELLS,10002,1
121600,,SUBMISSION,RAINFOREST_RESIN,SEASHELLS,9996,1
121700,SUBMISSION,,RAINFOREST_RESIN,SEASHELLS,10002,1
121800,SUBMISSION,,RAINFOREST_RESIN,SEASHELLS,10002,3
121800,,,RAINFOREST_RESIN,SEASHELLS,10002,1
121900,SUBMISSION,,RAINFOREST_RESIN,SEASHELLS,10004,1
121900,,,KELP,SEASHELLS,2015,1
122000,SUBMISSION,,RAINFOREST_RESIN,SEASHELLS,10005,27
122100,SUBMISSION,,RAINFOREST_RESIN,SEASHELLS,10005,3
122300,,,KELP,SEASHELLS,2013,3
122300,,,KELP,SEASHELLS,2013,2
122600,,,KELP,SEASHELLS,2013,1
122800,,,KELP,SEASHELLS,2013,6
122900,,,KELP,SEASHELLS,2013,1
123000,,SUBMISSION,RAINFOREST_RESIN,SEASHELLS,9998,1
123000,,,KELP,SEASHELLS,2010,1
123000,,,RAINFOREST_RESIN,SEASHELLS,9995,1
123100,SUBMISSION,,RAINFOREST_RESIN,SEASHELLS,10002,1
123200,,,KELP,SEASHELLS,2012,4
123200,,,KELP,SEASHELLS,2014,1
123500,,,KELP,SEASHELLS,2013,15
123600,,,KELP,SEASHELLS,2010,7
123700,,SUBMISSION,RAINFOREST_RESIN,SEASHELLS,10002,6
123800,SUBMISSION,,RAINFOREST_RESIN,SEASHELLS,9998,1
123800,,,KELP,SEASHELLS,2013,1
123900,SUBMISSION,,RAINFOREST_RESIN,SEASHELLS,10005,5
124000,,,KELP,SEASHELLS,2014,2
124000,,,RAINFOREST_RESIN,SEASHELLS,10005,2
124500,,,KELP,SEASHELLS,2011,3
124600,,,KELP,SEASHELLS,2013,1
124800,,SUBMISSION,RAINFOREST_RESIN,SEASHELLS,9998,9
124900,,SUBMISSION,RAINFOREST_RESIN,SEASHELLS,9996,1
125000,,SUBMISSION,RAINFOREST_RESIN,SEASHELLS,9996,1
125100,,SUBMISSION,RAINFOREST_RESIN,SEASHELLS,9995,27
125200,,SUBMISSION,RAINFOREST_RESIN,SEASHELLS,10002,4
125300,,SUBMISSION,RAINFOREST_RESIN,SEASHELLS,9996,2
125300,,,KELP,SEASHELLS,2012,1
125400,,SUBMISSION,RAINFOREST_RESIN,SEASHELLS,9998,8
125400,,,RAINFOREST_RESIN,SEASHELLS,9998,1
125400,,,RAINFOREST_RESIN,SEASHELLS,9998,1
125500,,SUBMISSION,RAINFOREST_RESIN,SEASHELLS,9998,3
125600,,SUBMISSION,RAINFOREST_RESIN,SEASHELLS,9996,2
125700,SUBMISSION,,RAINFOREST_RESIN,SEASHELLS,9998,2
125800,SUBMISSION,,RAINFOREST_RESIN,SEASHELLS,9998,1
125900,SUBMISSION,,RAINFOREST_RESIN,SEASHELLS,10000,6
125900,,,KELP,SEASHELLS,2014,6
126000,SUBMISSION,,RAINFOREST_RESIN,SEASHELLS,10004,1
126100,SUBMISSION,,RAINFOREST_RESIN,SEASHELLS,10004,2
126200,,SUBMISSION,RAINFOREST_RESIN,SEASHELLS,10002,7
126300,,SUBMISSION,RAINFOREST_RESIN,SEASHELLS,9995,29
126300,,,KELP,SEASHELLS,2013,2
126400,,SUBMISSION,RAINFOREST_RESIN,SEASHELLS,9995,19
126400,,,KELP,SEASHELLS,2013,1
126400,,,KELP,SEASHELLS,2013,2
126400,,,RAINFOREST_RESIN,SEASHELLS,9995,2
126700,,,RAINFOREST_RESIN,SEASHELLS,10002,2
127000,,,KELP,SEASHELLS,2014,2
127000,,,RAINFOREST_RESIN,SEASHELLS,9995,2
127400,,,KELP,SEASHELLS,2016,2
127400,,,RAINFOREST_RESIN,SEASHELLS,10005,2
127500,SUBMISSION,,RAINFOREST_RESIN,SEASHELLS,9998,3
127500,,,KELP,SEASHELLS,2014,1
127600,SUBMISSION,,RAINFOREST_RESIN,SEASHELLS,10002,6
127700,SUBMISSION,,RAINFOREST_RESIN,SEASHELLS,10005,20
127800,SUBMISSION,,RAINFOREST_RESIN,SEASHELLS,10004,1
127900,SUBMISSION,,RAINFOREST_RESIN,SEASHELLS,10004,2
127900,,,RAINFOREST_RESIN,SEASHELLS,10005,9
128000,,SUBMISSION,KELP,SEASHELLS,2016,1
128000,SUBMISSION,,RAINFOREST_RESIN,SEASHELLS,10004,2
128100,,SUBMISSION,KELP,SEASHELLS,2014,29
128100,,SUBMISSION,KELP,SEASHELLS,2014,1
128100,SUBMISSION,,RAINFOREST_RESIN,SEASHELLS,10004,1
128200,,SUBMISSION,KELP,SEASHELLS,2013,21
128200,,SUBMISSION,KELP,SEASHELLS,2013,1
128200,,SUBMISSION,RAINFOREST_RESIN,SEASHELLS,10002,1
128300,,SUBMISSION,KELP,SEASHELLS,2015,1
128300,,SUBMISSION,RAINFOREST_RESIN,SEASHELLS,9995,25
128400,,SUBMISSION,KELP,SEASHELLS,2013,22
128400,,SUBMISSION,KELP,SEASHELLS,2013,1
128400,,SUBMISSION,RAINFOREST_RESIN,SEASHELLS,9996,1
128400,,,KELP,SEASHELLS,2014,2
128400,,,RAINFOREST_RESIN,SEASHELLS,9995,1
128500,,SUBMISSION,KELP,SEASHELLS,2013,22
128500,,SUBMISSION,KELP,SEASHELLS,2013,1
128500,,SUBMISSION,RAINFOREST_RESIN,SEASHELLS,9998,3
128600,,SUBMISSION,RAINFOREST_RESIN,SEASHELLS,9996,2
128700,,SUBMISSION,RAINFOREST_RESIN,SEASHELLS,9995,3
128700,,,RAINFOREST_RESIN,SEASHELLS,10005,6
128900,,,KELP,SEASHELLS,2015,1
128900,,,RAINFOREST_RESIN,SEASHELLS,10002,2
129600,,,KELP,SEASHELLS,2014,1
129700,SUBMISSION,,RAINFOREST_RESIN,SEASHELLS,10000,3
129700,,,KELP,SEASHELLS,2015,3
129800,SUBMISSION,,RAINFOREST_RESIN,SEASHELLS,10004,1
129900,SUBMISSION,,RAINFOREST_RESIN,SEASHELLS,10004,2
130000,SUBMISSION,,RAINFOREST_RESIN,SEASHELLS,10005,29
130100,SUBMISSION,,RAINFOREST_RESIN,SEASHELLS,9998,1
130200,SUBMISSION,,RAINFOREST_RESIN,SEASHELLS,10004,2
130300,,SUBMISSION,RAINFOREST_RESIN,SEASHELLS,10002,1
130400,,SUBMISSION,RAINFOREST_RESIN,SEASHELLS,9996,1
130500,,SUBMISSION,RAINFOREST_RESIN,SEASHELLS,9995,21
130600,,SUBMISSION,RAINFOREST_RESIN,SEASHELLS,9995,15
130700,,,KELP,SEASHELLS,2016,1
130900,,,KELP,SEASHELLS,2014,2
131000,,,KELP,SEASHELLS,2016,1
131400,SUBMISSION,,RAINFOREST_RESIN,SEASHELLS,9998,1
131500,SUBMISSION,,RAINFOREST_RESIN,SEASHELLS,10005,26
131600,,SUBMISSION,RAINFOREST_RESIN,SEASHELLS,10002,1
131700,,SUBMISSION,RAINFOREST_RESIN,SEASHELLS,9998,10
131700,,,KELP,SEASHELLS,2013,9
131800,,SUBMISSION,RAINFOREST_RESIN,SEASHELLS,9996,1
131800,,,KELP,SEASHELLS,2014,4
131800,,,KELP,SEASHELLS,2014,1
131800,,,KELP,SEASHELLS,2014,12
131900,,SUBMISSION,RAINFOREST_RESIN,SEASHELLS,9996,2
132000,,SUBMISSION,RAINFOREST_RESIN,SEASHELLS,9998,2
132100,,SUBMISSION,RAINFOREST_RESIN,SEASHELLS,9998,3
132100,,,RAINFOREST_RESIN,SEASHELLS,9998,1
132100,,,RAINFOREST_RESIN,SEASHELLS,9998,3
132200,,SUBMISSION,RAINFOREST_RESIN,SEASHELLS,9996,2
132300,,SUBMISSION,RAINFOREST_RESIN,SEASHELLS,10002,4
132400,,SUBMISSION,RAINFOREST_RESIN,SEASHELLS,9996,1
132400,,,KELP,SEASHELLS,2016,1
132400,,,RAINFOREST_RESIN,SEASHELLS,10004,1
132500,,SUBMISSION,RAINFOREST_RESIN,SEASHELLS,9998,1
132500,,,KELP,SEASHELLS,2013,14
132500,,,KELP,SEASHELLS,2013,1
132500,,,RAINFOREST_RESIN,SEASHELLS,9998,1
132900,SUBMISSION,,RAINFOREST_RESIN,SEASHELLS,9998,1
133000,SUBMISSION,,RAINFOREST_RESIN,SEASHELLS,10005,23
133000,,,KELP,SEASHELLS,2013,13
133100,SUBMISSION,,RAINFOREST_RESIN,SEASHELLS,10004,1
133100,,,RAINFOREST_RESIN,SEASHELLS,10005,5
133100,,,RAINFOREST_RESIN,SEASHELLS,10002,5
133200,SUBMISSION,,RAINFOREST_RESIN,SEASHELLS,10004,1
133200,,,RAINFOREST_RESIN,SEASHELLS,9996,1
133300,SUBMISSION,,RAINFOREST_RESIN,SEASHELLS,10004,2
133400,SUBMISSION,,RAINFOREST_RESIN,SEASHELLS,10004,1
133400,,,KELP,SEASHELLS,2013,1
133400,,,RAINFOREST_RESIN,SEASHELLS,9998,2
133500,SUBMISSION,,RAINFOREST_RESIN,SEASHELLS,10004,2
133500,,,KELP,SEASHELLS,2015,1
133600,SUBMISSION,,RAINFOREST_RESIN,SEASHELLS,10004,2
133700,SUBMISSION,,RAINFOREST_RESIN,SEASHELLS,10004,2
133700,,,KELP,SEASHELLS,2013,1
133800,SUBMISSION,,RAINFOREST_RESIN,SEASHELLS,10002,8
133900,SUBMISSION,,RAINFOREST_RESIN,SEASHELLS,10004,2
134000,SUBMISSION,,RAINFOREST_RESIN,SEASHELLS,10000,3
134000,,,KELP,SEASHELLS,2015,1
134000,,,KELP,SEASHELLS,2014,2
134100,SUBMISSION,,RAINFOREST_RESIN,SEASHELLS,10004,1
134100,,,RAINFOREST_RESIN,SEASHELLS,9998,2
134200,,SUBMISSION,RAINFOREST_RESIN,SEASHELLS,10002,1
134300,,SUBMISSION,RAINFOREST_RESIN,SEASHELLS,10002,1
134400,,SUBMISSION,RAINFOREST_RESIN,SEASHELLS,9998,8
134500,,SUBMISSION,RAINFOREST_RESIN,SEASHELLS,9995,24
134600,,SUBMISSION,RAINFOREST_RESIN,SEASHELLS,10000,5
134600,,,RAINFOREST_RESIN,SEASHELLS,10004,1
134600,,,RAINFOREST_RESIN,SEASHELLS,10004,1
134700,,SUBMISSION,RAINFOREST_RESIN,SEASHELLS,10002,4
134700,,,RAINFOREST_RESIN,SEASHELLS,10004,1
134700,,,RAINFOREST_RESIN,SEASHELLS,10004,1
134800,,SUBMISSION,RAINFOREST_RESIN,SEASHELLS,9996,2
134900,SUBMISSION,,RAINFOREST_RESIN,SEASHELLS,9998,1
134900,,,RAINFOREST_RESIN,SEASHELLS,9998,1
135000,SUBMISSION,,RAINFOREST_RESIN,SEASHELLS,10004,1
135100,SUBMISSION,,RAINFOREST_RESIN,SEASHELLS,10004,2
135200,SUBMISSION,,RAINFOREST_RESIN,SEASHELLS,10004,1
135300,SUBMISSION,,RAINFOREST_RESIN,SEASHELLS,10005,20
135400,SUBMISSION,,RAINFOREST_RESIN,SEASHELLS,10004,1
135400,,,KELP,SEASHELLS,2013,9
135500,SUBMISSION,,RAINFOREST_RESIN,SEASHELLS,10004,1
135500,,,KELP,SEASHELLS,2015,1
135600,,SUBMISSION,RAINFOREST_RESIN,SEASHELLS,10002,1
135700,,SUBMISSION,RAINFOREST_RESIN,SEASHELLS,9995,26
135800,,SUBMISSION,RAINFOREST_RESIN,SEASHELLS,9995,4
135900,,,KELP,SEASHELLS,2017,2
135900,,,RAINFOREST_RESIN,SEASHELLS,10005,2
136000,SUBMISSION,,RAINFOREST_RESIN,SEASHELLS,9998,1
136100,SUBMISSION,,RAINFOREST_RESIN,SEASHELLS,10002,5
136200,SUBMISSION,,RAINFOREST_RESIN,SEASHELLS,10004,1
136300,SUBMISSION,,RAINFOREST_RESIN,SEASHELLS,10004,2
136300,,,RAINFOREST_RESIN,SEASHELLS,10002,1
136400,SUBMISSION,,RAINFOREST_RESIN,SEASHELLS,10004,2
136500,SUBMISSION,,RAINFOREST_RESIN,SEASHELLS,10004,2
136500,,,KELP,SEASHELLS,2014,1
136500,,,KELP,SEASHELLS,2014,1
136500,,,RAINFOREST_RESIN,SEASHELLS,10005,2
136600,SUBMISSION,,RAINFOREST_RESIN,SEASHELLS,10005,25
136700,SUBMISSION,,RAINFOREST_RESIN,SEASHELLS,10005,24
136800,SUBMISSION,,RAINFOREST_RESIN,SEASHELLS,10004,2
136900,SUBMISSION,,RAINFOREST_RESIN,SEASHELLS,10005,23
137000,SUBMISSION,,RAINFOREST_RESIN,SEASHELLS,10004,1
137000,,,RAINFOREST_RESIN,SEASHELLS,9996,1
137100,SUBMISSION,,RAINFOREST_RESIN,SEASHELLS,10002,3
137100,,,RAINFOREST_RESIN,SEASHELLS,10005,9
137200,SUBMISSION,,RAINFOREST_RESIN,SEASHELLS,10005,9
137400,,,RAINFOREST_RESIN,SEASHELLS,10002,3
137600,,,KELP,SEASHELLS,2015,1
137700,,,KELP,SEASHELLS,2014,3
137700,,,RAINFOREST_RESIN,SEASHELLS,9998,2
137900,,,KELP,SEASHELLS,2016,1
137900,,,RAINFOREST_RESIN,SEASHELLS,10004,1
138100,,,RAINFOREST_RESIN,SEASHELLS,9996,2
138100,,,RAINFOREST_RESIN,SEASHELLS,9996,7
138300,,,RAINFOREST_RESIN,SEASHELLS,9995,7
138400,SUBMISSION,,KELP,SEASHELLS,2014,4
138500,SUBMISSION,,KELP,SEASHELLS,2016,22
138500,SUBMISSION,,KELP,SEASHELLS,2016,2
138500,,,KELP,SEASHELLS,2013,1
138600,SUBMISSION,,KELP,SEASHELLS,2014,2
138600,,,KELP,SEASHELLS,2013,1
138700,SUBMISSION,,KELP,SEASHELLS,2016,23
138700,SUBMISSION,,KELP,SEASHELLS,2016,2
138700,,SUBMISSION,RAINFOREST_RESIN,SEASHELLS,9998,6
138800,SUBMISSION,,KELP,SEASHELLS,2016,29
138800,SUBMISSION,,KELP,SEASHELLS,2016,2
138800,,SUBMISSION,RAINFOREST_RESIN,SEASHELLS,9996,2
138900,SUBMISSION,,KELP,SEASHELLS,2016,14
138900,,SUBMISSION,RAINFOREST_RESIN,SEASHELLS,9996,1
138900,,,KELP,SEASHELLS,2013,10
139000,,SUBMISSION,RAINFOREST_RESIN,SEASHELLS,9996,1
139000,,,KELP,SEASHELLS,2013,1
139100,,SUBMISSION,RAINFOREST_RESIN,SEASHELLS,9996,2
139200,,SUBMISSION,RAINFOREST_RESIN,SEASHELLS,9998,3
139300,,SUBMISSION,RAINFOREST_RESIN,SEASHELLS,9996,2
139400,,SUBMISSION,RAINFOREST_RESIN,SEASHELLS,10002,5
139400,,,KELP,SEASHELLS,2014,1
139400,,,KELP,SEASHELLS,2017,2
139400,,,RAINFOREST_RESIN,SEASHELLS,10004,1
139400,,,RAINFOREST_RESIN,SEASHELLS,10004,1
139500,,SUBMISSION,RAINFOREST_RESIN,SEASHELLS,9996,1
139600,SUBMISSION,,RAINFOREST_RESIN,SEASHELLS,9998,1
139700,SUBMISSION,,RAINFOREST_RESIN,SEASHELLS,10002,2
139700,,,KELP,SEASHELLS,2014,4
139700,,,KELP,SEASHELLS,2014,1
139800,,SUBMISSION,KELP,SEASHELLS,2015,1
139800,SUBMISSION,,RAINFOREST_RESIN,SEASHELLS,10004,1
139900,,SUBMISSION,KELP,SEASHELLS,2014,1
139900,SUBMISSION,,RAINFOREST_RESIN,SEASHELLS,10004,1
140000,,SUBMISSION,KELP,SEASHELLS,2013,22
140000,,SUBMISSION,KELP,SEASHELLS,2013,2
140000,SUBMISSION,,RAINFOREST_RESIN,SEASHELLS,10004,2
140100,,SUBMISSION,KELP,SEASHELLS,2013,26
140100,SUBMISSION,,RAINFOREST_RESIN,SEASHELLS,10005,16
140100,,,KELP,SEASHELLS,2013,1
140200,,SUBMISSION,KELP,SEASHELLS,2013,28
140200,,SUBMISSION,KELP,SEASHELLS,2013,2
140300,,SUBMISSION,KELP,SEASHELLS,2013,18
140400,SUBMISSION,,KELP,SEASHELLS,2013,1
140500,SUBMISSION,,KELP,SEASHELLS,2016,26
140500,SUBMISSION,,KELP,SEASHELLS,2016,1
140600,SUBMISSION,,KELP,SEASHELLS,2013,3
140600,,,KELP,SEASHELLS,2012,1
140700,SUBMISSION,,KELP,SEASHELLS,2016,21
140700,SUBMISSION,,KELP,SEASHELLS,2016,1
140800,SUBMISSION,,KELP,SEASHELLS,2016,26
140900,SUBMISSION,,KELP,SEASHELLS,2016,21
141600,,,RAINFOREST_RESIN,SEASHELLS,10002,1
142000,,SUBMISSION,RAINFOREST_RESIN,SEASHELLS,9998,5
142100,,SUBMISSION,RAINFOREST_RESIN,SEASHELLS,9996,1
142200,,SUBMISSION,RAINFOREST_RESIN,SEASHELLS,9996,2
142300,,SUBMISSION,RAINFOREST_RESIN,SEASHELLS,9996,2
142400,,SUBMISSION,RAINFOREST_RESIN,SEASHELLS,10002,3
142500,,SUBMISSION,RAINFOREST_RESIN,SEASHELLS,9996,1
142600,,SUBMISSION,RAINFOREST_RESIN,SEASHELLS,9996,1
142600,,,KELP,SEASHELLS,2013,1
142700,,SUBMISSION,RAINFOREST_RESIN,SEASHELLS,10002,5
142800,,SUBMISSION,RAINFOREST_RESIN,SEASHELLS,9998,1
142800,,,RAINFOREST_RESIN,SEASHELLS,9998,2
142900,SUBMISSION,,RAINFOREST_RESIN,SEASHELLS,9998,1
143000,SUBMISSION,,RAINFOREST_RESIN,SEASHELLS,10002,2
143100,SUBMISSION,,RAINFOREST_RESIN,SEASHELLS,10004,1
143100,,,KELP,SEASHELLS,2014,1
143100,,,RAINFOREST_RESIN,SEASHELLS,10002,1
143200,SUBMISSION,,RAINFOREST_RESIN,SEASHELLS,10004,2
143300,SUBMISSION,,RAINFOREST_RESIN,SEASHELLS,10004,1
143400,SUBMISSION,,RAINFOREST_RESIN,SEASHELLS,10002,4
143500,SUBMISSION,,RAINFOREST_RESIN,SEASHELLS,10004,2
143600,SUBMISSION,,RAINFOREST_RESIN,SEASHELLS,10005,8
143600,,,KELP,SEASHELLS,2013,1
143600,,,RAINFOREST_RESIN,SEASHELLS,9995,1
143900,,SUBMISSION,RAINFOREST_RESIN,SEASHELLS,10002,1
144000,,SUBMISSION,KELP,SEASHELLS,2016,1
144000,,SUBMISSION,RAINFOREST_RESIN,SEASHELLS,9998,6
144100,,SUBMISSION,KELP,SEASHELLS,2013,22
144100,,SUBMISSION,RAINFOREST_RESIN,SEASHELLS,9995,22
144200,,SUBMISSION,KELP,SEASHELLS,2013,22
144200,,SUBMISSION,KELP,SEASHELLS,2013,1
144200,,SUBMISSION,RAINFOREST_RESIN,SEASHELLS,9996,1
144200,,,KELP,SEASHELLS,2015,1
144300,,SUBMISSION,KELP,SEASHELLS,2013,28
144300,,SUBMISSION,RAINFOREST_RESIN,SEASHELLS,9998,6
144400,,SUBMISSION,KELP,SEASHELLS,2013,26
144400,,SUBMISSION,RAINFOREST_RESIN,SEASHELLS,9996,2
144500,,SUBMISSION,RAINFOREST_RESIN,SEASHELLS,9996,2
144600,,SUBMISSION,RAINFOREST_RESIN,SEASHELLS,10002,2
144700,,SUBMISSION,RAINFOREST_RESIN,SEASHELLS,9996,2
144800,SUBMISSION,,RAINFOREST_RESIN,SEASHELLS,10002,7
144900,SUBMISSION,,RAINFOREST_RESIN,SEASHELLS,10004,2
145000,SUBMISSION,,RAINFOREST_RESIN,SEASHELLS,10005,25
145000,,,KELP,SEASHELLS,2012,1
145000,,,RAINFOREST_RESIN,SEASHELLS,9998,1
145100,SUBMISSION,,RAINFOREST_RESIN,SEASHELLS,10005,10
145300,,,RAINFOREST_RESIN,SEASHELLS,9998,3
145400,,,KELP,SEASHELLS,2012,1
145400,,,RAINFOREST_RESIN,SEASHELLS,9998,1
145500,,,KELP,SEASHELLS,2015,1
145500,,,RAINFOREST_RESIN,SEASHELLS,10002,1
145700,,,RAINFOREST_RESIN,SEASHELLS,10004,2
145700,,,RAINFOREST_RESIN,SEASHELLS,10004,8
146000,,,KELP,SEASHELLS,2012,6
146300,,,KELP,SEASHELLS,2012,15
146300,,,RAINFOREST_RESIN,SEASHELLS,9998,1
146400,,,KELP,SEASHELLS,2012,9
146500,,,KELP,SEASHELLS,2014,1
146500,,,RAINFOREST_RESIN,SEASHELLS,10005,1
146600,,SUBMISSION,RAINFOREST_RESIN,SEASHELLS,10000,4
146600,,,RAINFOREST_RESIN,SEASHELLS,9998,5
146600,,,RAINFOREST_RESIN,SEASHELLS,9998,1
146700,,SUBMISSION,RAINFOREST_RESIN,SEASHELLS,9998,8
146800,,SUBMISSION,RAINFOREST_RESIN,SEASHELLS,9995,26
146900,,SUBMISSION,RAINFOREST_RESIN,SEASHELLS,9996,2
146900,,,KELP,SEASHELLS,2013,1
147000,SUBMISSION,,RAINFOREST_RESIN,SEASHELLS,10002,10
147100,SUBMISSION,,RAINFOREST_RESIN,SEASHELLS,10004,2
147200,SUBMISSION,,RAINFOREST_RESIN,SEASHELLS,10005,21
147200,,,KELP,SEASHELLS,2016,14
147300,SUBMISSION,,RAINFOREST_RESIN,SEASHELLS,10002,7
147600,,,KELP,SEASHELLS,2012,1
147700,,SUBMISSION,RAINFOREST_RESIN,SEASHELLS,10002,1
147800,,SUBMISSION,RAINFOREST_RESIN,SEASHELLS,9996,2
147800,,,KELP,SEASHELLS,2014,1
147900,,SUBMISSION,RAINFOREST_RESIN,SEASHELLS,9996,1
148000,,SUBMISSION,RAINFOREST_RESIN,SEASHELLS,9996,2
148000,,,KELP,SEASHELLS,2015,9
148100,,SUBMISSION,RAINFOREST_RESIN,SEASHELLS,9995,30
148200,,SUBMISSION,RAINFOREST_RESIN,SEASHELLS,9998,5
148200,,,KELP,SEASHELLS,2013,1
148300,,SUBMISSION,RAINFOREST_RESIN,SEASHELLS,9996,2
148400,,SUBMISSION,RAINFOREST_RESIN,SEASHELLS,9996,1
148500,,SUBMISSION,RAINFOREST_RESIN,SEASHELLS,9996,2
148600,,SUBMISSION,RAINFOREST_RESIN,SEASHELLS,9996,1
148700,,SUBMISSION,RAINFOREST_RESIN,SEASHELLS,9998,4
148700,,,KELP,SEASHELLS,2013,1
148700,,,KELP,SEASHELLS,2016,2
148700,,,RAINFOREST_RESIN,SEASHELLS,10005,2
148800,SUBMISSION,,RAINFOREST_RESIN,SEASHELLS,10002,1
148900,SUBMISSION,,RAINFOREST_RESIN,SEASHELLS,10004,2
149000,,SUBMISSION,RAINFOREST_RESIN,SEASHELLS,10002,5
149100,,SUBMISSION,RAINFOREST_RESIN,SEASHELLS,10000,2
149200,,SUBMISSION,RAINFOREST_RESIN,SEASHELLS,10002,1
149300,,SUBMISSION,RAINFOREST_RESIN,SEASHELLS,9996,1
149400,,SUBMISSION,RAINFOREST_RESIN,SEASHELLS,9996,1
149500,,SUBMISSION,RAINFOREST_RESIN,SEASHELLS,9996,2
149500,,,KELP,SEASHELLS,2015,1
149600,,SUBMISSION,RAINFOREST_RESIN,SEASHELLS,9995,30
149700,,SUBMISSION,RAINFOREST_RESIN,SEASHELLS,10002,6
149700,,,KELP,SEASHELLS,2016,5
149800,,SUBMISSION,RAINFOREST_RESIN,SEASHELLS,10002,4
149800,,,KELP,SEASHELLS,2015,1
149800,,,RAINFOREST_RESIN,SEASHELLS,10002,1
149900,,,KELP,SEASHELLS,2013,5
150000,,,RAINFOREST_RESIN,SEASHELLS,9996,1
150200,SUBMISSION,,RAINFOREST_RESIN,SEASHELLS,9998,1
150200,,,RAINFOREST_RESIN,SEASHELLS,9998,1
150300,SUBMISSION,,RAINFOREST_RESIN,SEASHELLS,10004,2
150400,SUBMISSION,,RAINFOREST_RESIN,SEASHELLS,9998,1
150400,,,KELP,SEASHELLS,2013,1
150500,,SUBMISSION,RAINFOREST_RESIN,SEASHELLS,10002,1
150600,,SUBMISSION,RAINFOREST_RESIN,SEASHELLS,9995,3
150600,,,KELP,SEASHELLS,2013,1
150800,SUBMISSION,,RAINFOREST_RESIN,SEASHELLS,9998,1
150900,SUBMISSION,,RAINFOREST_RESIN,SEASHELLS,10004,2
151000,SUBMISSION,,RAINFOREST_RESIN,SEASHELLS,10005,27
151100,SUBMISSION,,RAINFOREST_RESIN,SEASHELLS,10005,25
151200,SUBMISSION,,RAINFOREST_RESIN,SEASHELLS,10004,1
151300,SUBMISSION,,RAINFOREST_RESIN,SEASHELLS,10005,27
151400,SUBMISSION,,RAINFOREST_RESIN,SEASHELLS,10005,17
151500,,,KELP,SEASHELLS,2014,1
151600,,SUBMISSION,RAINFOREST_RESIN,SEASHELLS,10002,3
151600,,,RAINFOREST_RESIN,SEASHELLS,9998,1
151700,,SUBMISSION,RAINFOREST_RESIN,SEASHELLS,9996,1
151800,,SUBMISSION,RAINFOREST_RESIN,SEASHELLS,9998,2
151900,,SUBMISSION,RAINFOREST_RESIN,SEASHELLS,9995,27
152000,SUBMISSION,,RAINFOREST_RESIN,SEASHELLS,9998,11
152100,SUBMISSION,,RAINFOREST_RESIN,SEASHELLS,10005,22
152200,,,KELP,SEASHELLS,2014,5
152300,,,KELP,SEASHELLS,2017,9
152300,,,KELP,SEASHELLS,2017,2
152300,,,RAINFOREST_RESIN,SEASHELLS,10004,2
152600,,,KELP,SEASHELLS,2013,1
152800,,SUBMISSION,RAINFOREST_RESIN,SEASHELLS,9998,5
152900,,SUBMISSION,RAINFOREST_RESIN,SEASHELLS,10000,5
153000,,SUBMISSION,RAINFOREST_RESIN,SEASHELLS,9995,30
153100,,SUBMISSION,RAINFOREST_RESIN,SEASHELLS,9995,21
153200,,SUBMISSION,RAINFOREST_RESIN,SEASHELLS,9998,3
153300,,SUBMISSION,RAINFOREST_RESIN,SEASHELLS,9995,24
153300,,,KELP,SEASHELLS,2017,14
153400,,SUBMISSION,RAINFOREST_RESIN,SEASHELLS,9995,12
153500,SUBMISSION,,RAINFOREST_RESIN,SEASHELLS,9998,1
153500,,,KELP,SEASHELLS,2017,1
153500,,,RAINFOREST_RESIN,SEASHELLS,10005,1
153600,SUBMISSION,,RAINFOREST_RESIN,SEASHELLS,10004,1
153600,,,KELP,SEASHELLS,2017,14
153700,SUBMISSION,,RAINFOREST_RESIN,SEASHELLS,10004,1
153800,SUBMISSION,,RAINFOREST_RESIN,SEASHELLS,10005,27
153900,SUBMISSION,,RAINFOREST_RESIN,SEASHELLS,10004,2
154000,SUBMISSION,,RAINFOREST_RESIN,SEASHELLS,10005,29
154100,SUBMISSION,,RAINFOREST_RESIN,SEASHELLS,10005,20
154200,SUBMISSION,,RAINFOREST_RESIN,SEASHELLS,10004,1
154300,SUBMISSION,,RAINFOREST_RESIN,SEASHELLS,10004,1
154300,,,KELP,SEASHELLS,2015,6
154300,,,KELP,SEASHELLS,2015,2
154300,,,RAINFOREST_RESIN,SEASHELLS,9996,1
154400,SUBMISSION,,RAINFOREST_RESIN,SEASHELLS,10004,1
154500,SUBMISSION,,RAINFOREST_RESIN,SEASHELLS,10002,3
154600,SUBMISSION,,RAINFOREST_RESIN,SEASHELLS,10004,1
154700,SUBMISSION,,RAINFOREST_RESIN,SEASHELLS,10005,12
154700,,,KELP,SEASHELLS,2019,11
154800,,SUBMISSION,RAINFOREST_RESIN,SEASHELLS,10002,1
154900,SUBMISSION,,RAINFOREST_RESIN,SEASHELLS,9998,1
154900,,,KELP,SEASHELLS,2015,15
155100,,,KELP,SEASHELLS,2015,1
155200,,SUBMISSION,RAINFOREST_RESIN,SEASHELLS,10002,1
155300,,SUBMISSION,RAINFOREST_RESIN,SEASHELLS,9998,8
155400,,SUBMISSION,RAINFOREST_RESIN,SEASHELLS,9995,23
155500,,SUBMISSION,RAINFOREST_RESIN,SEASHELLS,9996,1
155500,,,RAINFOREST_RESIN,SEASHELLS,9998,1
155600,,SUBMISSION,RAINFOREST_RESIN,SEASHELLS,9996,2
155700,,SUBMISSION,RAINFOREST_RESIN,SEASHELLS,9995,22
155700,,,KELP,SEASHELLS,2016,1
155700,,,RAINFOREST_RESIN,SEASHELLS,10005,1
155800,,SUBMISSION,RAINFOREST_RESIN,SEASHELLS,9996,2
155900,,SUBMISSION,RAINFOREST_RESIN,SEASHELLS,9996,2
156000,,SUBMISSION,RAINFOREST_RESIN,SEASHELLS,9998,9
156100,,SUBMISSION,RAINFOREST_RESIN,SEASHELLS,9998,6
156200,,SUBMISSION,RAINFOREST_RESIN,SEASHELLS,9996,2
156200,,,KELP,SEASHELLS,2014,7
156300,,SUBMISSION,RAINFOREST_RESIN,SEASHELLS,9996,1
156400,,SUBMISSION,RAINFOREST_RESIN,SEASHELLS,10002,1
156500,,SUBMISSION,RAINFOREST_RESIN,SEASHELLS,9996,2
156500,,,RAINFOREST_RESIN,SEASHELLS,10002,3
156600,,SUBMISSION,RAINFOREST_RESIN,SEASHELLS,9996,1
156600,,,KELP,SEASHELLS,2015,1
156600,,,KELP,SEASHELLS,2015,2
156600,,,RAINFOREST_RESIN,SEASHELLS,9995,2
156700,,SUBMISSION,RAINFOREST_RESIN,SEASHELLS,9998,6
156800,,SUBMISSION,RAINFOREST_RESIN,SEASHELLS,9998,7
156900,,SUBMISSION,RAINFOREST_RESIN,SEASHELLS,9996,1
156900,,,KELP,SEASHELLS,2015,1
157000,,SUBMISSION,RAINFOREST_RESIN,SEASHELLS,9996,1
157000,,,KELP,SEASHELLS,2015,1
157100,SUBMISSION,,RAINFOREST_RESIN,SEASHELLS,9998,1
157200,SUBMISSION,,RAINFOREST_RESIN,SEASHELLS,10002,3
157300,SUBMISSION,,RAINFOREST_RESIN,SEASHELLS,10000,4
157300,,,KELP,SEASHELLS,2015,4
157400,,SUBMISSION,RAINFOREST_RESIN,SEASHELLS,10002,1
157400,,,KELP,SEASHELLS,2014,9
157400,,,RAINFOREST_RESIN,SEASHELLS,10002,10
157500,,SUBMISSION,RAINFOREST_RESIN,SEASHELLS,9995,9
157500,,,KELP,SEASHELLS,2014,1
157700,,,KELP,SEASHELLS,2016,1
158100,,,KELP,SEASHELLS,2014,1
158200,,,RAINFOREST_RESIN,SEASHELLS,10002,1
158300,SUBMISSION,,RAINFOREST_RESIN,SEASHELLS,9998,5
158300,,,RAINFOREST_RESIN,SEASHELLS,9998,7
158400,SUBMISSION,,RAINFOREST_RESIN,SEASHELLS,9998,5
158500,SUBMISSION,,RAINFOREST_RESIN,SEASHELLS,10004,1
158600,SUBMISSION,,RAINFOREST_RESIN,SEASHELLS,10005,27
158700,SUBMISSION,,RAINFOREST_RESIN,SEASHELLS,10005,29
158800,SUBMISSION,,RAINFOREST_RESIN,SEASHELLS,10005,24
158800,,,KELP,SEASHELLS,2016,1
158900,SUBMISSION,,RAINFOREST_RESIN,SEASHELLS,10004,2
159000,SUBMISSION,,RAINFOREST_RESIN,SEASHELLS,10002,7
159200,,,RAINFOREST_RESIN,SEASHELLS,9995,9
159300,,,KELP,SEASHELLS,2014,1
159400,,SUBMISSION,RAINFOREST_RESIN,SEASHELLS,10000,6
159500,,SUBMISSION,RAINFOREST_RESIN,SEASHELLS,9996,1
159600,,SUBMISSION,RAINFOREST_RESIN,SEASHELLS,9998,8
159700,SUBMISSION,,RAINFOREST_RESIN,SEASHELLS,9998,4
159800,SUBMISSION,,RAINFOREST_RESIN,SEASHELLS,10002,3
159900,SUBMISSION,,RAINFOREST_RESIN,SEASHELLS,10000,5
160000,SUBMISSION,,RAINFOREST_RESIN,SEASHELLS,10004,2
160000,,,KELP,SEASHELLS,2018,2
160000,,,RAINFOREST_RESIN,SEASHELLS,10005,2
160100,SUBMISSION,,RAINFOREST_RESIN,SEASHELLS,10004,1
160300,,,RAINFOREST_RESIN,SEASHELLS,9998,1
160400,,,KELP,SEASHELLS,2017,1
160400,,,RAINFOREST_RESIN,SEASHELLS,9998,1
160500,,,KELP,SEASHELLS,2018,13
160600,,SUBMISSION,RAINFOREST_RESIN,SEASHELLS,10002,1
160700,,SUBMISSION,RAINFOREST_RESIN,SEASHELLS,9995,24
160800,,SUBMISSION,RAINFOREST_RESIN,SEASHELLS,10002,2
160900,,SUBMISSION,RAINFOREST_RESIN,SEASHELLS,10000,3
161000,,SUBMISSION,RAINFOREST_RESIN,SEASHELLS,9995,27
161000,,,KELP,SEASHELLS,2015,8
161100,,SUBMISSION,RAINFOREST_RESIN,SEASHELLS,9995,28
161200,,SUBMISSION,RAINFOREST_RESIN,SEASHELLS,9996,1
161300,,SUBMISSION,RAINFOREST_RESIN,SEASHELLS,9995,14
161600,SUBMISSION,,RAINFOREST_RESIN,SEASHELLS,9998,1
161700,SUBMISSION,,RAINFOREST_RESIN,SEASHELLS,10004,1
161800,SUBMISSION,,RAINFOREST_RESIN,SEASHELLS,10005,21
161900,SUBMISSION,,RAINFOREST_RESIN,SEASHELLS,10004,1
162000,,SUBMISSION,RAINFOREST_RESIN,SEASHELLS,9998,1
162100,,SUBMISSION,RAINFOREST_RESIN,SEASHELLS,9998,4
162200,,SUBMISSION,RAINFOREST_RESIN,SEASHELLS,9995,19
162400,,,KELP,SEASHELLS,2015,4
162600,SUBMISSION,,RAINFOREST_RESIN,SEASHELLS,10000,5
162600,,,KELP,SEASHELLS,2018,1
162700,SUBMISSION,,RAINFOREST_RESIN,SEASHELLS,10004,1
162800,SUBMISSION,,RAINFOREST_RESIN,SEASHELLS,10004,2
162900,SUBMISSION,,RAINFOREST_RESIN,SEASHELLS,10005,23
162900,,,RAINFOREST_RESIN,SEASHELLS,9995,4
163000,SUBMISSION,,RAINFOREST_RESIN,SEASHELLS,10004,1
163100,SUBMISSION,,RAINFOREST_RESIN,SEASHELLS,9998,4
163200,SUBMISSION,,RAINFOREST_RESIN,SEASHELLS,9998,1
163300,SUBMISSION,,RAINFOREST_RESIN,SEASHELLS,10005,27
163400,SUBMISSION,,RAINFOREST_RESIN,SEASHELLS,10005,22
163500,,SUBMISSION,RAINFOREST_RESIN,SEASHELLS,10002,3
163500,,,KELP,SEASHELLS,2016,2
163500,,,KELP,SEASHELLS,2016,2
163600,,SUBMISSION,RAINFOREST_RESIN,SEASHELLS,9996,1
163700,,SUBMISSION,RAINFOREST_RESIN,SEASHELLS,9996,1
163800,,SUBMISSION,RAINFOREST_RESIN,SEASHELLS,9996,1
163800,,,KELP,SEASHELLS,2015,1
163800,,,KELP,SEASHELLS,2018,13
163900,,SUBMISSION,RAINFOREST_RESIN,SEASHELLS,9996,1
163900,,,KELP,SEASHELLS,2015,2
163900,,,RAINFOREST_RESIN,SEASHELLS,9995,2
164000,,SUBMISSION,RAINFOREST_RESIN,SEASHELLS,9996,2
164100,,SUBMISSION,RAINFOREST_RESIN,SEASHELLS,9996,2
164200,,SUBMISSION,RAINFOREST_RESIN,SEASHELLS,9996,1
164300,,SUBMISSION,RAINFOREST_RESIN,SEASHELLS,9998,7
164400,,SUBMISSION,RAINFOREST_RESIN,SEASHELLS,9998,7
164500,,SUBMISSION,RAINFOREST_RESIN,SEASHELLS,9996,1
164600,,SUBMISSION,RAINFOREST_RESIN,SEASHELLS,9996,1
164600,,,KELP,SEASHELLS,2018,1
164700,,SUBMISSION,RAINFOREST_RESIN,SEASHELLS,9998,5
164800,,SUBMISSION,RAINFOREST_RESIN,SEASHELLS,9996,2
164800,,,RAINFOREST_RESIN,SEASHELLS,10004,2
164800,,,RAINFOREST_RESIN,SEASHELLS,10004,6
164900,,SUBMISSION,RAINFOREST_RESIN,SEASHELLS,9996,1
165000,,SUBMISSION,RAINFOREST_RESIN,SEASHELLS,9996,2
165100,,SUBMISSION,RAINFOREST_RESIN,SEASHELLS,9998,6
165100,,,KELP,SEASHELLS,2018,1
165200,,SUBMISSION,RAINFOREST_RESIN,SEASHELLS,9995,21
165200,,,KELP,SEASHELLS,2017,6
165300,,SUBMISSION,RAINFOREST_RESIN,SEASHELLS,9995,21
165600,SUBMISSION,,RAINFOREST_RESIN,SEASHELLS,9998,1
165700,SUBMISSION,,RAINFOREST_RESIN,SEASHELLS,10002,6
165800,SUBMISSION,,RAINFOREST_RESIN,SEASHELLS,10002,3
165900,SUBMISSION,,RAINFOREST_RESIN,SEASHELLS,9998,1
166000,SUBMISSION,,RAINFOREST_RESIN,SEASHELLS,10004,1
166000,,,KELP,SEASHELLS,2019,1
166100,SUBMISSION,,RAINFOREST_RESIN,SEASHELLS,10002,8
166200,SUBMISSION,,RAINFOREST_RESIN,SEASHELLS,9998,1
166300,SUBMISSION,,RAINFOREST_RESIN,SEASHELLS,10005,30
166400,SUBMISSION,,RAINFOREST_RESIN,SEASHELLS,10005,29
166400,,,RAINFOREST_RESIN,SEASHELLS,9998,1
166500,SUBMISSION,,RAINFOREST_RESIN,SEASHELLS,10004,2
166600,SUBMISSION,,RAINFOREST_RESIN,SEASHELLS,10004,1
166700,SUBMISSION,,RAINFOREST_RESIN,SEASHELLS,10004,1
166800,SUBMISSION,,RAINFOREST_RESIN,SEASHELLS,10004,2
166900,SUBMISSION,,RAINFOREST_RESIN,SEASHELLS,10004,2
167000,SUBMISSION,,RAINFOREST_RESIN,SEASHELLS,10004,1
167000,,,KELP,SEASHELLS,2017,5
167100,SUBMISSION,,RAINFOREST_RESIN,SEASHELLS,10002,7
167100,,,RAINFOREST_RESIN,SEASHELLS,9996,1
167200,SUBMISSION,,RAINFOREST_RESIN,SEASHELLS,10002,4
167300,,,KELP,SEASHELLS,2016,11
167800,,,KELP,SEASHELLS,2019,1
167800,,,RAINFOREST_RESIN,SEASHELLS,9998,1
167900,,,RAINFOREST_RESIN,SEASHELLS,9998,1
168000,,,RAINFOREST_RESIN,SEASHELLS,10005,8
168500,,SUBMISSION,RAINFOREST_RESIN,SEASHELLS,10002,1
168600,,SUBMISSION,RAINFOREST_RESIN,SEASHELLS,9998,7
168700,,SUBMISSION,RAINFOREST_RESIN,SEASHELLS,9996,2
168800,,SUBMISSION,RAINFOREST_RESIN,SEASHELLS,9995,25
168900,,SUBMISSION,RAINFOREST_RESIN,SEASHELLS,9995,20
169000,,SUBMISSION,RAINFOREST_RESIN,SEASHELLS,9996,2
169000,,,KELP,SEASHELLS,2019,3
169100,,SUBMISSION,RAINFOREST_RESIN,SEASHELLS,9996,2
169200,,SUBMISSION,RAINFOREST_RESIN,SEASHELLS,9996,2
169300,,SUBMISSION,RAINFOREST_RESIN,SEASHELLS,9995,29
169400,,SUBMISSION,RAINFOREST_RESIN,SEASHELLS,9995,10
169900,,,KELP,SEASHELLS,2017,1
170100,SUBMISSION,,RAINFOREST_RESIN,SEASHELLS,10002,10
170200,SUBMISSION,,RAINFOREST_RESIN,SEASHELLS,10002,5
170200,,,KELP,SEASHELLS,2017,1
170200,,,RAINFOREST_RESIN,SEASHELLS,10002,3
170300,SUBMISSION,,RAINFOREST_RESIN,SEASHELLS,10004,1
170400,,SUBMISSION,RAINFOREST_RESIN,SEASHELLS,10002,11
170500,,SUBMISSION,RAINFOREST_RESIN,SEASHELLS,9996,2
170600,,SUBMISSION,RAINFOREST_RESIN,SEASHELLS,9995,3
171000,,,KELP,SEASHELLS,2019,3
171100,,,RAINFOREST_RESIN,SEASHELLS,10002,1
171400,,,RAINFOREST_RESIN,SEASHELLS,10002,5
171600,SUBMISSION,,RAINFOREST_RESIN,SEASHELLS,9998,1
171600,SUBMISSION,,RAINFOREST_RESIN,SEASHELLS,9998,10
171600,,,KELP,SEASHELLS,2018,4
171700,SUBMISSION,,RAINFOREST_RESIN,SEASHELLS,10004,1
171800,SUBMISSION,,RAINFOREST_RESIN,SEASHELLS,10005,27
171900,SUBMISSION,,RAINFOREST_RESIN,SEASHELLS,10004,2
171900,,,KELP,SEASHELLS,2017,1
171900,,,RAINFOREST_RESIN,SEASHELLS,10002,1
172000,SUBMISSION,,RAINFOREST_RESIN,SEASHELLS,10004,1
172100,SUBMISSION,,RAINFOREST_RESIN,SEASHELLS,10004,2
172100,,,RAINFOREST_RESIN,SEASHELLS,10002,1
172200,SUBMISSION,,RAINFOREST_RESIN,SEASHELLS,10004,1
172300,SUBMISSION,,RAINFOREST_RESIN,SEASHELLS,10004,2
172400,SUBMISSION,,RAINFOREST_RESIN,SEASHELLS,10004,1
172500,SUBMISSION,,RAINFOREST_RESIN,SEASHELLS,10004,2
172600,SUBMISSION,,RAINFOREST_RESIN,SEASHELLS,10004,1
172600,,,KELP,SEASHELLS,2017,2
172600,,,RAINFOREST_RESIN,SEASHELLS,9996,1
172700,SUBMISSION,,RAINFOREST_RESIN,SEASHELLS,9998,3
172800,SUBMISSION,,RAINFOREST_RESIN,SEASHELLS,10005,20
172900,SUBMISSION,,RAINFOREST_RESIN,SEASHELLS,10005,26
173300,,,KELP,SEASHELLS,2017,2
173400,,,KELP,SEASHELLS,2017,2
173400,,,RAINFOREST_RESIN,SEASHELLS,10002,1
173400,,,RAINFOREST_RESIN,SEASHELLS,9996,1
173500,,,RAINFOREST_RESIN,SEASHELLS,9998,3
173600,,SUBMISSION,RAINFOREST_RESIN,SEASHELLS,9998,7
173700,,SUBMISSION,RAINFOREST_RESIN,SEASHELLS,9996,1
173800,,SUBMISSION,RAINFOREST_RESIN,SEASHELLS,9996,1
173800,,,KELP,SEASHELLS,2020,1
173900,,SUBMISSION,RAINFOREST_RESIN,SEASHELLS,9998,1
173900,,,RAINFOREST_RESIN,SEASHELLS,10005,9
174000,,SUBMISSION,RAINFOREST_RESIN,SEASHELLS,9998,9
174000,,,KELP,SEASHELLS,2017,1
174000,,,RAINFOREST_RESIN,SEASHELLS,9996,1
174100,,SUBMISSION,RAINFOREST_RESIN,SEASHELLS,9996,2
174200,,SUBMISSION,RAINFOREST_RESIN,SEASHELLS,9995,25
174300,,SUBMISSION,RAINFOREST_RESIN,SEASHELLS,9995,29
174300,,,RAINFOREST_RESIN,SEASHELLS,10002,1
174400,,SUBMISSION,RAINFOREST_RESIN,SEASHELLS,9996,1
174400,,,KELP,SEASHELLS,2017,1
174500,,SUBMISSION,RAINFOREST_RESIN,SEASHELLS,9995,23
174600,,SUBMISSION,RAINFOREST_RESIN,SEASHELLS,9995,1
175800,,,KELP,SEASHELLS,2020,1
175800,,,RAINFOREST_RESIN,SEASHELLS,10004,1
175900,SUBMISSION,,RAINFOREST_RESIN,SEASHELLS,10002,9
176000,,SUBMISSION,RAINFOREST_RESIN,SEASHELLS,10002,1
176000,,,KELP,SEASHELLS,2017,1
176000,,,KELP,SEASHELLS,2017,1
176000,,,RAINFOREST_RESIN,SEASHELLS,9995,1
176100,,SUBMISSION,RAINFOREST_RESIN,SEASHELLS,9996,1
176100,,,KELP,SEASHELLS,2021,2
176100,,,RAINFOREST_RESIN,SEASHELLS,10004,1
176100,,,RAINFOREST_RESIN,SEASHELLS,10004,1
176200,,SUBMISSION,RAINFOREST_RESIN,SEASHELLS,9998,4
176300,,SUBMISSION,RAINFOREST_RESIN,SEASHELLS,9996,1
176400,SUBMISSION,,RAINFOREST_RESIN,SEASHELLS,10002,9
176500,SUBMISSION,,RAINFOREST_RESIN,SEASHELLS,10005,28
176600,SUBMISSION,,RAINFOREST_RESIN,SEASHELLS,10005,23
176600,,,KELP,SEASHELLS,2018,1
176700,SUBMISSION,,RAINFOREST_RESIN,SEASHELLS,10005,21
176800,SUBMISSION,,RAINFOREST_RESIN,SEASHELLS,10004,1
176900,SUBMISSION,,RAINFOREST_RESIN,SEASHELLS,10002,8
176900,,,KELP,SEASHELLS,2018,5
177000,SUBMISSION,,RAINFOREST_RESIN,SEASHELLS,10002,8
177100,,SUBMISSION,RAINFOREST_RESIN,SEASHELLS,9998,3
177200,,SUBMISSION,RAINFOREST_RESIN,SEASHELLS,9995,21
177300,,SUBMISSION,RAINFOREST_RESIN,SEASHELLS,9995,20
177400,,SUBMISSION,RAINFOREST_RESIN,SEASHELLS,9996,1
177400,,,KELP,SEASHELLS,2018,1
177500,,SUBMISSION,RAINFOREST_RESIN,SEASHELLS,9996,1
177600,SUBMISSION,,RAINFOREST_RESIN,SEASHELLS,9998,1
177700,SUBMISSION,,RAINFOREST_RESIN,SEASHELLS,10004,2
177700,,,KELP,SEASHELLS,2018,1
177700,,,RAINFOREST_RESIN,SEASHELLS,9996,1
177800,SUBMISSION,,RAINFOREST_RESIN,SEASHELLS,10005,26
177900,SUBMISSION,,RAINFOREST_RESIN,SEASHELLS,9998,12
177900,,,KELP,SEASHELLS,2018,14
178000,SUBMISSION,,RAINFOREST_RESIN,SEASHELLS,10004,2
178000,,,RAINFOREST_RESIN,SEASHELLS,9998,1
178100,SUBMISSION,,RAINFOREST_RESIN,SEASHELLS,10004,1
178200,SUBMISSION,,RAINFOREST_RESIN,SEASHELLS,10005,2
178700,,,KELP,SEASHELLS,2018,1
178800,,,KELP,SEASHELLS,2021,5
178900,,,KELP,SEASHELLS,2018,1
179000,,,KELP,SEASHELLS,2021,2
179000,,,RAINFOREST_RESIN,SEASHELLS,10004,1
179100,,,KELP,SEASHELLS,2018,1
179300,,,RAINFOREST_RESIN,SEASHELLS,9998,2
179600,,,RAINFOREST_RESIN,SEASHELLS,9998,4
179800,,,RAINFOREST_RESIN,SEASHELLS,9995,8
179900,,,RAINFOREST_RESIN,SEASHELLS,9996,2
180000,,,KELP,SEASHELLS,2020,11
180100,,,RAINFOREST_RESIN,SEASHELLS,9998,3
180300,,,RAINFOREST_RESIN,SEASHELLS,9998,4
180500,,,KELP,SEASHELLS,2020,6
180500,,,RAINFOREST_RESIN,SEASHELLS,10002,3
180800,,,RAINFOREST_RESIN,SEASHELLS,10002,1
180900,,SUBMISSION,RAINFOREST_RESIN,SEASHELLS,9998,9
180900,,,KELP,SEASHELLS,2021,11
180900,,,RAINFOREST_RESIN,SEASHELLS,9998,1
181000,,SUBMISSION,RAINFOREST_RESIN,SEASHELLS,9996,2
181000,,,KELP,SEASHELLS,2020,1
181100,,SUBMISSION,RAINFOREST_RESIN,SEASHELLS,9996,1
181200,,SUBMISSION,RAINFOREST_RESIN,SEASHELLS,9998,3
181300,,SUBMISSION,RAINFOREST_RESIN,SEASHELLS,9995,27
181400,,SUBMISSION,RAINFOREST_RESIN,SEASHELLS,9996,2
181400,,,KELP,SEASHELLS,2021,2
181400,,,RAINFOREST_RESIN,SEASHELLS,10002,1
181500,,SUBMISSION,RAINFOREST_RESIN,SEASHELLS,9998,6
181500,,,KELP,SEASHELLS,2018,1
181500,,,KELP,SEASHELLS,2018,2
181500,,,RAINFOREST_RESIN,SEASHELLS,9995,2
181600,,SUBMISSION,RAINFOREST_RESIN,SEASHELLS,9996,2
181600,,,KELP,SEASHELLS,2018,2
181700,,SUBMISSION,RAINFOREST_RESIN,SEASHELLS,9998,7
181700,,,KELP,SEASHELLS,2021,14
181800,,SUBMISSION,RAINFOREST_RESIN,SEASHELLS,9995,28
181800,,,KELP,SEASHELLS,2018,1
181900,,SUBMISSION,RAINFOREST_RESIN,SEASHELLS,10002,1
182000,,SUBMISSION,RAINFOREST_RESIN,SEASHELLS,10002,1
182100,,SUBMISSION,RAINFOREST_RESIN,SEASHELLS,9996,2
182100,,,KELP,SEASHELLS,2018,2
182200,,SUBMISSION,RAINFOREST_RESIN,SEASHELLS,9995,9
182200,,,KELP,SEASHELLS,2020,1
182300,,,RAINFOREST_RESIN,SEASHELLS,9996,1
182400,SUBMISSION,,RAINFOREST_RESIN,SEASHELLS,10002,3
182500,SUBMISSION,,RAINFOREST_RESIN,SEASHELLS,10005,20
182500,,,RAINFOREST_RESIN,SEASHELLS,10002,4
