day;timestamp;product;bid_price_1;bid_volume_1;bid_price_2;bid_volume_2;bid_price_3;bid_volume_3;ask_price_1;ask_volume_1;ask_price_2;ask_volume_2;ask_price_3;ask_volume_3;mid_price;profit_and_loss
-1;0;RAINFOREST_RESIN;10002;1;9996;2;9995;29;10004;2;10005;29;;;10003.0;0.0
-1;0;KELP;2028;1;2026;2;2025;29;2029;31;;;;;2028.5;0.0
-1;100;KELP;2025;24;;;;;2028;2;2029;22;;;2026.5;0.0
-1;100;RAINFOREST_RESIN;9996;2;9995;22;;;10004;2;10005;22;;;10000.0;0.0
-1;200;RAINFOREST_RESIN;9995;20;;;;;10005;20;;;;;10000.0;0.0
-1;200;KELP;2025;22;;;;;2028;20;;;;;2026.5;0.0
-1;300;KELP;2025;31;;;;;2028;2;2029;29;;;2026.5;0.0
-1;300;RAINFOREST_RESIN;9996;2;9995;29;;;10004;2;10005;29;;;10000.0;0.0
-1;400;RAINFOREST_RESIN;9996;2;9995;25;;;10004;2;10005;25;;;10000.0;0.0
-1;400;KELP;2025;27;;;;;2028;27;;;;;2026.5;0.0
-1;500;KELP;2025;30;;;;;2028;30;;;;;2026.5;0.0
-1;500;RAINFOREST_RESIN;9995;30;;;;;10002;4;10005;30;;;9998.5;0.0
-1;600;RAINFOREST_RESIN;10000;5;9995;25;;;10005;25;;;;;10002.5;0.0
-1;600;KELP;2026;5;2025;31;;;2028;25;;;;;2027.0;0.0
-1;700;KELP;2025;2;2024;23;;;2028;23;;;;;2026.5;0.0
-1;700;RAINFOREST_RESIN;9995;23;;;;;10005;23;;;;;10000.0;0.0
-1;800;RAINFOREST_RESIN;9996;1;9995;29;;;10004;1;10005;29;;;10000.0;0.0
-1;800;KELP;2024;1;2023;29;;;2027;30;;;;;2025.5;0.0
-1;900;KELP;2024;23;;;;;2027;23;;;;;2025.5;0.0
-1;900;RAINFOREST_RESIN;9996;1;9995;22;;;10004;1;10005;22;;;10000.0;0.0
-1;1000;RAINFOREST_RESIN;9995;26;;;;;10005;26;;;;;10000.0;0.0
-1;1000;KELP;2024;26;;;;;2026;6;2027;26;;;2025.0;0.0
-1;1100;KELP;2025;6;2024;26;;;2027;2;2028;24;;;2026.0;0.0
-1;1100;RAINFOREST_RESIN;9996;2;9995;24;;;10004;2;10005;24;;;10000.0;0.0
-1;1200;RAINFOREST_RESIN;9995;21;;;;;9998;1;10005;21;;;9996.5;0.0
-1;1200;KELP;2024;21;;;;;2026;8;2028;21;;;2025.0;0.0
-1;1300;KELP;2024;31;;;;;2028;31;;;;;2026.0;0.0
-1;1300;RAINFOREST_RESIN;10002;1;9996;1;9995;30;10004;1;10005;30;;;10003.0;-103.0
-1;1400;RAINFOREST_RESIN;9996;1;9995;25;;;10004;1;10005;25;;;10000.0;-105.0
-1;1400;KELP;2025;3;2024;25;;;2028;26;;;;;2026.5;0.0
-1;1500;KELP;2024;27;;;;;2028;27;;;;;2026.0;0.0
-1;1500;RAINFOREST_RESIN;9995;27;;;;;10005;27;;;;;10000.0;-105.0
-1;1600;RAINFOREST_RESIN;9995;29;;;;;10005;29;;;;;10000.0;-105.0
-1;1600;KELP;2024;29;;;;;2026;4;2028;29;;;2025.0;0.0
-1;1700;KELP;2024;22;;;;;2026;8;2028;22;;;2025.0;0.0
-1;1700;RAINFOREST_RESIN;9996;2;9995;20;;;10002;1;10004;2;10005;20;9999.0;-105.0
-1;1800;RAINFOREST_RESIN;10002;1;9996;1;9995;22;10004;1;10005;22;;;10003.0;-105.0
-1;1800;KELP;2024;23;;;;;2028;23;;;;;2026.0;0.0
-1;1900;KELP;2024;29;;;;;2026;5;2027;29;;;2025.0;0.0
-1;1900;RAINFOREST_RESIN;9996;1;9995;28;;;10004;1;10005;28;;;10000.0;-107.0
-1;2000;KELP;2024;26;;;;;2027;26;;;;;2025.5;0.0
-1;2000;RAINFOREST_RESIN;9996;2;9995;24;;;9998;1;10004;2;10005;24;9997.0;-107.0
-1;2100;RAINFOREST_RESIN;9996;2;9995;25;;;10002;3;10004;2;10005;25;9999.0;-113.0
-1;2100;KELP;2024;27;;;;;2027;2;2028;25;;;2025.5;0.0
-1;2200;RAINFOREST_RESIN;9998;8;9996;1;9995;24;10004;1;10005;24;;;10001.0;-113.0
-1;2200;KELP;2024;25;;;;;2026;7;2027;1;2028;24;2025.0;0.0
-1;2300;KELP;2024;32;;;;;2028;32;;;;;2026.0;0.0
-1;2300;RAINFOREST_RESIN;9998;7;9996;2;9995;30;10004;2;10005;30;;;10001.0;-113.0
-1;2400;KELP;2024;29;;;;;2025;1;2028;29;;;2024.5;0.0
-1;2400;RAINFOREST_RESIN;9995;29;;;;;10005;29;;;;;10000.0;-113.0
-1;2500;RAINFOREST_RESIN;9996;1;9995;22;;;10004;1;10005;22;;;10000.0;-113.0
-1;2500;KELP;2025;2;2024;23;;;2027;1;2028;22;;;2026.0;-60.7421875
-1;2600;RAINFOREST_RESIN;9995;23;;;;;10005;23;;;;;10000.0;-113.0
-1;2600;KELP;2025;3;2024;23;;;2028;23;;;;;2026.5;-60.6640625
-1;2700;KELP;2024;26;;;;;2027;26;;;;;2025.5;-64.56640625
-1;2700;RAINFOREST_RESIN;9998;6;9995;26;;;10005;26;;;;;10001.5;-113.0
-1;2800;KELP;2023;25;;;;;2027;25;;;;;2025.0;-83.6796875
-1;2800;RAINFOREST_RESIN;9995;25;;;;;10005;25;;;;;10000.0;-113.0
-1;2900;RAINFOREST_RESIN;9996;1;9995;25;;;10004;1;10005;25;;;10000.0;-113.0
-1;2900;KELP;2023;26;;;;;2027;26;;;;;2025.0;-87.328125
-1;3000;RAINFOREST_RESIN;9998;1;9995;26;;;10005;26;;;;;10001.5;-113.0
-1;3000;KELP;2024;29;;;;;2027;26;;;;;2025.5;-77.45703125
-1;3100;KELP;2023;26;;;;;2025;5;2026;26;;;2024.0;-107.203125
-1;3100;RAINFOREST_RESIN;9996;2;9995;24;;;10004;2;10005;24;;;10000.0;-113.0
-1;3200;KELP;2023;23;;;;;2025;3;2026;23;;;2024.0;-101.90234375
-1;3200;RAINFOREST_RESIN;9996;1;9995;22;;;10004;1;10005;22;;;10000.0;-113.0
-1;3300;RAINFOREST_RESIN;9996;2;9995;30;;;10004;2;10005;30;;;10000.0;-113.0
-1;3300;KELP;2023;32;;;;;2025;2;2026;32;;;2024.0;-97.68359375
-1;3400;RAINFOREST_RESIN;9996;2;9995;24;;;10004;2;10005;24;;;10000.0;-113.0
-1;3400;KELP;2023;26;;;;;2026;26;;;;;2024.5;-98.5078125
-1;3500;KELP;2023;26;;;;;2026;26;;;;;2024.5;-98.0078125
-1;3500;RAINFOREST_RESIN;9995;26;;;;;10005;26;;;;;10000.0;-113.0
-1;3600;KELP;2023;21;;;;;2026;21;;;;;2024.5;-98.10546875
-1;3600;RAINFOREST_RESIN;9995;21;;;;;9998;4;10005;21;;;9996.5;-113.0
-1;3700;RAINFOREST_RESIN;10002;1;9996;1;9995;23;10004;1;10005;23;;;10003.0;-210.0
-1;3700;KELP;2023;27;;;;;2026;24;;;;;2024.5;-107.16796875
-1;3800;RAINFOREST_RESIN;9996;2;9995;23;;;10002;10;10004;2;10005;23;9999.0;-212.0
-1;3800;KELP;2023;25;;;;;2026;25;;;;;2024.5;-107.4765625
-1;3900;KELP;2023;28;;;;;2026;26;;;;;2024.5;-104.875
-1;3900;RAINFOREST_RESIN;9998;1;9996;1;9995;25;10004;1;10005;25;;;10001.0;-212.0
-1;4000;KELP;2023;32;;;;;2026;32;;;;;2024.5;-99.00390625
-1;4000;RAINFOREST_RESIN;9996;2;9995;30;;;10004;2;10005;30;;;10000.0;-212.0
-1;4100;RAINFOREST_RESIN;9996;2;9995;27;;;10004;2;10005;27;;;10000.0;-212.0
-1;4100;KELP;2023;29;;;;;2027;29;;;;;2025.0;-87.8515625
-1;4200;RAINFOREST_RESIN;9996;2;9995;24;;;10002;4;10004;2;10005;24;9999.0;-212.0
-1;4200;KELP;2023;26;;;;;2027;26;;;;;2025.0;-88.30859375
-1;4300;KELP;2023;29;;;;;2024;5;2026;22;;;2023.5;-99.75
-1;4300;RAINFOREST_RESIN;9995;22;;;;;9998;1;10000;6;10005;22;9996.5;-212.0
-1;4400;KELP;2023;30;;;;;2026;30;;;;;2024.5;-115.6484375
-1;4400;RAINFOREST_RESIN;9995;30;;;;;10005;30;;;;;10000.0;-210.0
-1;4500;RAINFOREST_RESIN;9996;1;9995;28;;;10002;10;10004;1;10005;28;9999.0;-210.0
-1;4500;KELP;2023;28;;;;;2026;29;;;;;2024.5;-120.2734375
-1;4600;RAINFOREST_RESIN;9996;1;9995;29;;;10002;10;10004;1;10005;29;9999.0;-210.0
-1;4600;KELP;2023;30;;;;;2026;30;;;;;2024.5;-119.1484375
-1;4700;KELP;2023;25;;;;;2025;3;2026;32;;;2024.0;-109.515625
-1;4700;RAINFOREST_RESIN;9996;2;9995;30;;;10004;2;10005;30;;;10000.0;-210.0
-1;4800;KELP;2023;24;;;;;2027;24;;;;;2025.0;-98.75
-1;4800;RAINFOREST_RESIN;9998;6;9996;2;9995;22;10004;2;10005;22;;;10001.0;-210.0
-1;4900;RAINFOREST_RESIN;9995;22;;;;;10002;7;10005;22;;;9998.5;-210.0
-1;4900;KELP;2023;22;;;;;2027;22;;;;;2025.0;-95.65625
-1;5000;RAINFOREST_RESIN;9998;3;9996;2;9995;28;10004;2;10005;28;;;10001.0;-210.0
-1;5000;KELP;2023;30;;;;;2026;30;;;;;2024.5;-116.828125
-1;5100;KELP;2023;37;;;;;2026;31;;;;;2024.5;-115.7421875
-1;5100;RAINFOREST_RESIN;9996;1;9995;30;;;10004;1;10005;30;;;10000.0;-210.0
-1;5200;KELP;2023;35;;;;;2026;27;;;;;2024.5;-117.34375
-1;5200;RAINFOREST_RESIN;9998;9;9996;1;9995;26;10004;1;10005;26;;;10001.0;-210.0
-1;5300;RAINFOREST_RESIN;9996;1;9995;20;;;10004;1;10005;20;;;10000.0;-210.0
-1;5300;KELP;2025;1;2023;21;;;2026;21;;;;;2025.5;-115.2578125
-1;5400;RAINFOREST_RESIN;9995;21;;;;;10005;21;;;;;10000.0;-210.0
-1;5400;KELP;2023;21;;;;;2025;6;2027;21;;;2024.0;-139.52734375
-1;5500;KELP;2023;27;;;;;2027;27;;;;;2025.0;-136.36328125
-1;5500;RAINFOREST_RESIN;9995;27;;;;;10005;27;;;;;10000.0;-210.0
-1;5600;KELP;2025;2;2023;28;;;2027;28;;;;;2026.0;-135.01171875
-1;5600;RAINFOREST_RESIN;9995;28;;;;;10005;28;;;;;10000.0;-210.0
-1;5700;RAINFOREST_RESIN;9998;2;9995;27;;;10005;27;;;;;10001.5;-210.0
-1;5700;KELP;2024;26;;;;;2027;27;;;;;2025.5;-132.50390625
-1;5800;RAINFOREST_RESIN;9996;1;9995;30;;;10004;1;10005;30;;;10000.0;-210.0
-1;5800;KELP;2024;31;;;;;2027;31;;;;;2025.5;-123.140625
-1;5900;KELP;2024;35;;;;;2027;30;;;;;2025.5;-125.3515625
-1;5900;RAINFOREST_RESIN;9996;2;9995;28;;;10004;2;10005;28;;;10000.0;-210.0
-1;6000;KELP;2024;30;;;;;2027;30;;;;;2025.5;-126.7109375
-1;6000;RAINFOREST_RESIN;9995;30;;;;;10005;30;;;;;10000.0;-210.0
-1;6100;RAINFOREST_RESIN;9996;1;9995;24;;;10004;1;10005;24;;;10000.0;-210.0
-1;6100;KELP;2024;24;;;;;2027;25;;;;;2025.5;-126.6953125
-1;6200;RAINFOREST_RESIN;9996;1;9995;21;;;10004;1;10005;21;;;10000.0;-210.0
-1;6200;KELP;2024;22;;;;;2027;22;;;;;2025.5;-125.21484375
-1;6300;KELP;2024;30;;;;;2027;25;;;;;2025.5;-118.953125
-1;6300;RAINFOREST_RESIN;9996;2;9995;23;;;10004;2;10005;23;;;10000.0;-210.0
-1;6400;KELP;2024;25;;;;;2027;25;;;;;2025.5;-119.56640625
-1;6400;RAINFOREST_RESIN;9996;1;9995;24;;;10004;1;10005;24;;;10000.0;-210.0
-1;6500;RAINFOREST_RESIN;9996;1;9995;26;;;9998;1;10004;1;10005;26;9997.0;-210.0
-1;6500;KELP;2024;27;;;;;2027;27;;;;;2025.5;-125.53515625
-1;6600;RAINFOREST_RESIN;9996;2;9995;24;;;10004;2;10005;24;;;10000.0;-208.0
-1;6600;KELP;2024;26;;;;;2028;26;;;;;2026.0;-111.5078125
-1;6700;KELP;2025;7;2024;20;;;2028;20;;;;;2026.5;-107.296875
-1;6700;RAINFOREST_RESIN;9995;20;;;;;10002;3;10005;20;;;9998.5;-208.0
-1;6800;KELP;2024;32;;;;;2026;8;2027;2;2028;30;2025.0;-116.91015625
-1;6800;RAINFOREST_RESIN;9996;2;9995;30;;;10004;2;10005;30;;;10000.0;-208.0
-1;6900;RAINFOREST_RESIN;9996;1;9995;26;;;10002;5;10004;1;10005;26;9999.0;-208.0
-1;6900;KELP;2024;27;;;;;2026;1;2027;27;;;2025.0;-121.76171875
-1;7000;RAINFOREST_RESIN;9998;2;9995;27;;;10005;27;;;;;10001.5;-208.0
-1;7000;KELP;2026;4;2024;27;;;2027;27;;;;;2026.5;-120.28125
-1;7100;KELP;2024;30;;;;;2027;30;;;;;2025.5;-163.396484375
-1;7100;RAINFOREST_RESIN;9996;1;9995;29;;;10004;1;10005;29;;;10000.0;-208.0
-1;7200;KELP;2024;28;;;;;2027;28;;;;;2025.5;-163.06787109375
-1;7200;RAINFOREST_RESIN;9998;5;9996;1;9995;27;10004;1;10005;27;;;10001.0;-208.0
-1;7300;RAINFOREST_RESIN;10002;1;9996;2;9995;29;10004;2;10005;29;;;10003.0;-208.0
-1;7300;KELP;2024;35;;;;;2027;31;;;;;2025.5;-163.04345703125
-1;7400;RAINFOREST_RESIN;9996;1;9995;22;;;10004;1;10005;22;;;10000.0;-214.0
-1;7400;KELP;2024;22;;;;;2027;23;;;;;2025.5;-163.1904296875
-1;7500;KELP;2024;25;;;;;2027;25;;;;;2025.5;-163.4365234375
-1;7500;RAINFOREST_RESIN;9995;25;;;;;10002;10;10005;25;;;9998.5;-214.0
-1;7600;KELP;2024;22;;;;;2027;22;;;;;2025.5;-163.37841796875
-1;7600;RAINFOREST_RESIN;9996;2;9995;20;;;10004;2;10005;20;;;10000.0;-214.0
-1;7700;RAINFOREST_RESIN;9995;22;;;;;10005;22;;;;;10000.0;-214.0
-1;7700;KELP;2024;21;;;;;2027;22;;;;;2025.5;-163.3173828125
-1;7800;RAINFOREST_RESIN;9998;3;9996;1;9995;22;10004;1;10005;22;;;10001.0;-214.0
-1;7800;KELP;2024;23;;;;;2027;23;;;;;2025.5;-163.263671875
-1;7900;KELP;2024;31;;;;;2027;27;;;;;2025.5;-163.23046875
-1;7900;RAINFOREST_RESIN;9996;1;9995;26;;;10004;1;10005;26;;;10000.0;-214.0
-1;8000;KELP;2024;27;;;;;2026;8;2027;27;;;2025.0;-162.9130859375
-1;8000;RAINFOREST_RESIN;9995;27;;;;;10005;27;;;;;10000.0;-214.0
-1;8100;RAINFOREST_RESIN;9996;1;9995;22;;;10004;1;10005;22;;;10000.0;-214.0
-1;8100;KELP;2023;23;;;;;2027;23;;;;;2025.0;-161.755859375
-1;8200;RAINFOREST_RESIN;9995;23;;;;;10005;23;;;;;10000.0;-214.0
-1;8200;KELP;2023;23;;;;;2025;1;2026;23;;;2024.0;-161.3046875
-1;8300;KELP;2023;30;;;;;2026;30;;;;;2024.5;-160.259765625
-1;8300;RAINFOREST_RESIN;9996;1;9995;29;;;10004;1;10005;29;;;10000.0;-214.0
-1;8400;RAINFOREST_RESIN;9995;28;;;;;10005;28;;;;;10000.0;-214.0
-1;8400;KELP;2023;28;;;;;2026;28;;;;;2024.5;-160.3134765625
-1;8500;KELP;2023;31;;;;;2026;31;;;;;2024.5;-160.07666015625
-1;8500;RAINFOREST_RESIN;9998;10;9996;2;9995;29;10004;2;10005;29;;;10001.0;-214.0
-1;8600;RAINFOREST_RESIN;9996;1;9995;22;;;10004;1;10005;22;;;10000.0;-214.0
-1;8600;KELP;2023;22;;;;;2026;23;;;;;2024.5;-160.56591796875
-1;8700;KELP;2023;27;;;;;2025;4;2026;27;;;2024.0;-161.0810546875
-1;8700;RAINFOREST_RESIN;9998;10;9995;27;;;10005;27;;;;;10001.5;-214.0
-1;8800;RAINFOREST_RESIN;9995;25;;;;;9998;1;10005;25;;;9996.5;-214.0
-1;8800;KELP;2024;7;2023;25;;;2027;25;;;;;2025.5;-161.97265625
-1;8900;KELP;2024;1;2023;26;;;2027;26;;;;;2025.5;-161.81689453125
-1;8900;RAINFOREST_RESIN;9998;9;9995;26;;;10005;26;;;;;10001.5;-222.0
-1;9000;RAINFOREST_RESIN;9996;2;9995;29;;;10004;2;10005;29;;;10000.0;-222.0
-1;9000;KELP;2023;31;;;;;2027;31;;;;;2025.0;-161.751953125
-1;9100;KELP;2023;29;;;;;2026;2;2027;27;;;2024.5;-161.50341796875
-1;9100;RAINFOREST_RESIN;9998;3;9996;2;9995;27;10004;2;10005;27;;;10001.0;-222.0
-1;9200;RAINFOREST_RESIN;9998;10;9995;27;;;10005;27;;;;;10001.5;-222.0
-1;9200;KELP;2023;27;;;;;2025;7;2026;27;;;2024.0;-161.3447265625
-1;9300;KELP;2023;21;;;;;2026;21;;;;;2024.5;-160.7998046875
-1;9300;RAINFOREST_RESIN;9996;1;9995;20;;;10004;1;10005;20;;;10000.0;-222.0
-1;9400;RAINFOREST_RESIN;9998;2;9996;2;9995;21;10004;2;10005;21;;;10001.0;-222.0
-1;9400;KELP;2023;23;;;;;2026;23;;;;;2024.5;-160.544921875
-1;9500;KELP;2023;35;;;;;2026;31;;;;;2024.5;-160.75341796875
-1;9500;RAINFOREST_RESIN;9996;1;9995;30;;;10004;1;10005;30;;;10000.0;-222.0
-1;9600;RAINFOREST_RESIN;9996;1;9995;30;;;10004;1;10005;30;;;10000.0;-222.0
-1;9600;KELP;2023;31;;;;;2026;31;;;;;2024.5;-160.294921875
-1;9700;KELP;2023;22;;;;;2026;22;;;;;2024.5;-160.29150390625
-1;9700;RAINFOREST_RESIN;9995;22;;;;;10002;1;10005;22;;;9998.5;-222.0
-1;9800;RAINFOREST_RESIN;9995;26;;;;;10005;26;;;;;10000.0;-222.0
-1;9800;KELP;2023;26;;;;;2026;26;;;;;2024.5;-160.4365234375
-1;9900;KELP;2025;4;2023;25;;;2026;25;;;;;2025.5;-161.01513671875
-1;9900;RAINFOREST_RESIN;9995;25;;;;;10005;25;;;;;10000.0;-222.0
-1;10000;RAINFOREST_RESIN;9995;28;;;;;10005;28;;;;;10000.0;-222.0
-1;10000;KELP;2023;36;;;;;2026;28;;;;;2024.5;-200.76953125
-1;10100;KELP;2023;25;;;;;2026;25;;;;;2024.5;-197.97265625
-1;10100;RAINFOREST_RESIN;9996;1;9995;24;;;10002;3;10004;1;10005;24;9999.0;-222.0
-1;10200;RAINFOREST_RESIN;9996;2;9995;26;;;10004;2;10005;26;;;10000.0;-222.0
-1;10200;KELP;2022;28;;;;;2026;28;;;;;2024.0;-179.3203125
-1;10300;KELP;2024;1;2022;35;;;2025;27;;;;;2024.5;-160.75
-1;10300;RAINFOREST_RESIN;9998;4;9995;27;;;10005;27;;;;;10001.5;-222.0
-1;10400;RAINFOREST_RESIN;10002;1;9996;1;9995;28;10004;1;10005;28;;;10003.0;-222.0
-1;10400;KELP;2023;1;2022;29;;;2026;29;;;;;2024.5;-181.4921875
-1;10500;KELP;2023;2;2022;29;;;2026;31;;;;;2024.5;-184.48046875
-1;10500;RAINFOREST_RESIN;9998;4;9996;2;9995;29;10004;2;10005;29;;;10001.0;-224.0
-1;10600;RAINFOREST_RESIN;9996;2;9995;29;;;10000;4;10004;2;10005;29;9998.0;-224.0
-1;10600;KELP;2022;31;;;;;2023;4;2024;4;2025;31;2022.5;-166.48046875
-1;10700;KELP;2022;29;;;;;2025;28;;;;;2023.5;-163.078125
-1;10700;RAINFOREST_RESIN;9998;8;9995;28;;;10005;28;;;;;10001.5;-224.0
-1;10800;RAINFOREST_RESIN;9998;5;9996;2;9995;22;10004;2;10005;22;;;10001.0;-224.0
-1;10800;KELP;2022;27;;;;;2025;24;;;;;2023.5;-165.1875
-1;10900;KELP;2022;35;;;;;2025;28;;;;;2023.5;-164.5625
-1;10900;RAINFOREST_RESIN;9996;1;9995;27;;;10004;1;10005;27;;;10000.0;-224.0
-1;11000;KELP;2024;7;2022;24;;;2025;24;;;;;2024.5;-164.5
-1;11000;RAINFOREST_RESIN;9995;24;;;;;10002;7;10005;24;;;9998.5;-224.0
-1;11100;RAINFOREST_RESIN;9998;3;9995;21;;;10005;21;;;;;10001.5;-224.0
-1;11100;KELP;2022;21;;;;;2025;21;;;;;2023.5;-165.90625
-1;11200;RAINFOREST_RESIN;9996;2;9995;21;;;10002;7;10004;2;10005;21;9999.0;-224.0
-1;11200;KELP;2022;23;;;;;2025;23;;;;;2023.5;-163.9765625
-1;11300;KELP;2022;25;;;;;2025;22;;;;;2023.5;-165.78515625
-1;11300;RAINFOREST_RESIN;9996;1;9995;21;;;10004;1;10005;21;;;10000.0;-224.0
-1;11400;KELP;2022;26;;;;;2025;26;;;;;2023.5;-168.38671875
-1;11400;RAINFOREST_RESIN;9996;1;9995;25;;;10004;1;10005;25;;;10000.0;-224.0
-1;11500;RAINFOREST_RESIN;9996;1;9995;25;;;10002;7;10004;1;10005;25;9999.0;-224.0
-1;11500;KELP;2022;26;;;;;2024;8;2025;26;;;2023.0;-167.390625
-1;11600;RAINFOREST_RESIN;9996;2;9995;27;;;10002;2;10004;2;10005;27;9999.0;-224.0
-1;11600;KELP;2022;29;;;;;2026;29;;;;;2024.0;-178.66015625
-1;11700;KELP;2022;23;;;;;2023;2;2026;23;;;2022.5;-174.203125
-1;11700;RAINFOREST_RESIN;9996;2;9995;21;;;10004;2;10005;21;;;10000.0;-224.0
-1;11800;KELP;2022;29;;;;;2024;4;2026;29;;;2023.0;-219.8177490234375
-1;11800;RAINFOREST_RESIN;9998;10;9995;29;;;10000;5;10005;29;;;9999.0;-224.0
-1;11900;RAINFOREST_RESIN;9996;2;9995;30;;;10004;2;10005;30;;;10000.0;-224.0
-1;11900;KELP;2023;2;2022;30;;;2024;3;2026;32;;;2023.5;-219.8582763671875
-1;12000;RAINFOREST_RESIN;10002;1;9995;20;;;10005;20;;;;;10003.5;-224.0
-1;12000;KELP;2023;20;;;;;2026;20;;;;;2024.5;-219.529052734375
-1;12100;KELP;2023;27;;;;;2025;1;2026;27;;;2024.0;-219.541748046875
-1;12100;RAINFOREST_RESIN;9996;2;9995;25;;;10004;2;10005;25;;;10000.0;-322.0
-1;12200;KELP;2023;34;;;;;2026;30;;;;;2024.5;-219.554931640625
-1;12200;RAINFOREST_RESIN;9996;2;9995;28;;;10004;2;10005;28;;;10000.0;-322.0
-1;12300;RAINFOREST_RESIN;9998;6;9996;1;9995;28;10004;1;10005;28;;;10001.0;-322.0
-1;12300;KELP;2023;29;;;;;2026;29;;;;;2024.5;-219.4931640625
-1;12400;RAINFOREST_RESIN;9995;26;;;;;10005;26;;;;;10000.0;-322.0
-1;12400;KELP;2023;30;;;;;2026;26;;;;;2024.5;-219.4439697265625
-1;12500;KELP;2023;19;;;;;2026;20;;;;;2024.5;-219.5689697265625
-1;12500;RAINFOREST_RESIN;9995;20;;;;;10005;20;;;;;10000.0;-322.0
-1;12600;KELP;2023;22;;;;;2026;22;;;;;2024.5;-219.693359375
-1;12600;RAINFOREST_RESIN;9995;22;;;;;10005;22;;;;;10000.0;-322.0
-1;12700;RAINFOREST_RESIN;9996;2;9995;20;;;10004;2;10005;20;;;10000.0;-322.0
-1;12700;KELP;2023;22;;;;;2026;22;;;;;2024.5;-219.600341796875
-1;12800;RAINFOREST_RESIN;9996;2;9995;20;;;10004;2;10005;20;;;10000.0;-322.0
-1;12800;KELP;2023;22;;;;;2026;22;;;;;2024.5;-219.5301513671875
-1;12900;KELP;2023;36;;;;;2026;29;;;;;2024.5;-219.439697265625
-1;12900;RAINFOREST_RESIN;9996;1;9995;28;;;10002;3;10004;1;10005;28;9999.0;-322.0
-1;13000;KELP;2025;1;2023;6;2022;20;2026;20;;;;;2025.5;-219.855712890625
-1;13000;RAINFOREST_RESIN;10002;1;9995;20;;;10005;20;;;;;10003.5;-322.0
-1;13100;RAINFOREST_RESIN;9996;1;9995;25;;;10004;1;10005;25;;;10000.0;-420.0
-1;13100;KELP;2023;33;;;;;2026;26;;;;;2024.5;-226.7177734375
-1;13200;RAINFOREST_RESIN;9998;2;9995;22;;;10005;22;;;;;10001.5;-420.0
-1;13200;KELP;2022;22;;;;;2025;5;2026;22;;;2023.5;-226.279296875
-1;13300;KELP;2023;6;2022;24;;;2026;24;;;;;2024.5;-226.09375
-1;13300;RAINFOREST_RESIN;9995;24;;;;;10005;24;;;;;10000.0;-420.0
-1;13400;KELP;2023;32;;;;;2026;32;;;;;2024.5;-226.3203125
-1;13400;RAINFOREST_RESIN;9996;2;9995;30;;;10004;2;10005;30;;;10000.0;-420.0
-1;13500;RAINFOREST_RESIN;9995;30;;;;;10005;30;;;;;10000.0;-420.0
-1;13500;KELP;2022;30;;;;;2025;8;2026;30;;;2023.5;-226.248046875
-1;13600;RAINFOREST_RESIN;9995;25;;;;;10002;10;10005;25;;;9998.5;-420.0
-1;13600;KELP;2023;24;;;;;2025;3;2026;25;;;2024.0;-227.1689453125
-1;13700;KELP;2023;25;;;;;2026;21;;;;;2024.5;-227.1884765625
-1;13700;RAINFOREST_RESIN;9996;1;9995;20;;;9998;4;10004;1;10005;20;9997.0;-420.0
-1;13800;KELP;2023;23;;;;;2026;22;;;;;2024.5;-227.5537109375
-1;13800;RAINFOREST_RESIN;9996;2;9995;20;;;10004;2;10005;20;;;10000.0;-416.0
-1;13900;RAINFOREST_RESIN;9996;2;9995;20;;;10000;6;10004;2;10005;20;9998.0;-416.0
-1;13900;KELP;2023;22;;;;;2024;6;2025;4;2026;22;2023.5;-226.7529296875
-1;14000;RAINFOREST_RESIN;9998;5;9996;2;9995;27;10004;2;10005;27;;;10001.0;-416.0
-1;14000;KELP;2023;3;2022;29;;;2026;29;;;;;2024.5;-225.646484375
-1;14100;KELP;2023;25;;;;;2025;1;2026;25;;;2024.0;-227.623046875
-1;14100;RAINFOREST_RESIN;9996;2;9995;23;;;10004;2;10005;23;;;10000.0;-416.0
-1;14200;KELP;2023;20;;;;;2026;21;;;;;2024.5;-227.73828125
-1;14200;RAINFOREST_RESIN;9995;21;;;;;10005;21;;;;;10000.0;-416.0
-1;14300;RAINFOREST_RESIN;9996;2;9995;27;;;10004;2;10005;27;;;10000.0;-416.0
-1;14300;KELP;2022;29;;;;;2026;29;;;;;2024.0;-225.0146484375
-1;14400;RAINFOREST_RESIN;9996;1;9995;29;;;10004;1;10005;29;;;10000.0;-416.0
-1;14400;KELP;2023;30;;;;;2026;30;;;;;2024.5;-226.380859375
-1;14500;KELP;2023;24;;;;;2026;24;;;;;2024.5;-226.625
-1;14500;RAINFOREST_RESIN;9995;24;;;;;10002;1;10005;24;;;9998.5;-416.0
-1;14600;KELP;2022;28;;;;;2024;2;2026;28;;;2023.0;-225.44921875
-1;14600;RAINFOREST_RESIN;9996;2;9995;26;;;10000;2;10004;2;10005;26;9998.0;-416.0
-1;14700;RAINFOREST_RESIN;9995;30;;;;;10002;7;10005;30;;;9998.5;-416.0
-1;14700;KELP;2022;30;;;;;2025;30;;;;;2023.5;-288.421875
-1;14800;RAINFOREST_RESIN;9995;28;;;;;10002;6;10005;28;;;9998.5;-416.0
-1;14800;KELP;2022;28;;;;;2025;28;;;;;2023.5;-288.69140625
-1;14900;KELP;2023;4;2022;26;;;2025;26;;;;;2024.0;-289.3828125
-1;14900;RAINFOREST_RESIN;10000;4;9995;26;;;10005;26;;;;;10002.5;-416.0
-1;15000;KELP;2024;8;2022;25;;;2025;25;;;;;2024.5;-291.34375
-1;15000;RAINFOREST_RESIN;9998;1;9995;25;;;10005;25;;;;;10001.5;-546.0
-1;15100;RAINFOREST_RESIN;9995;22;;;;;10005;22;;;;;10000.0;-546.0
-1;15100;KELP;2022;27;;;;;2025;22;;;;;2023.5;-325.4609375
-1;15200;RAINFOREST_RESIN;9998;6;9995;27;;;10005;27;;;;;10001.5;-546.0
-1;15200;KELP;2022;26;;;;;2025;27;;;;;2023.5;-325.3671875
-1;15300;KELP;2022;26;;;;;2024;4;2025;26;;;2023.0;-325.05078125
-1;15300;RAINFOREST_RESIN;9995;26;;;;;10002;1;10005;26;;;9998.5;-546.0
-1;15400;KELP;2022;35;;;;;2025;30;;;;;2023.5;-324.51171875
-1;15400;RAINFOREST_RESIN;9996;2;9995;28;;;9998;1;10004;2;10005;28;9997.0;-546.0
-1;15500;RAINFOREST_RESIN;10002;1;9996;2;9995;29;10004;2;10005;29;;;10003.0;-552.0
-1;15500;KELP;2022;31;;;;;2024;8;2025;31;;;2023.0;-325.615234375
-1;15600;RAINFOREST_RESIN;9996;2;9995;24;;;10004;2;10005;24;;;10000.0;-558.0
-1;15600;KELP;2022;31;;;;;2025;26;;;;;2023.5;-326.529296875
-1;15700;KELP;2022;25;;;;;2025;25;;;;;2023.5;-327.9609375
-1;15700;RAINFOREST_RESIN;10002;5;9996;1;9995;24;10004;1;10005;24;;;10003.0;-558.0
-1;15800;KELP;2025;1;2022;22;;;2026;22;;;;;2025.5;-331.08203125
-1;15800;RAINFOREST_RESIN;9998;10;9996;2;9995;20;10004;2;10005;20;;;10001.0;-552.0
-1;15900;RAINFOREST_RESIN;9996;2;9995;29;;;10000;6;10004;2;10005;29;9998.0;-552.0
-1;15900;KELP;2023;31;;;;;2024;6;2025;2;2026;31;2023.5;-384.16796875
-1;16000;RAINFOREST_RESIN;9996;2;9995;27;;;10002;6;10004;2;10005;27;9999.0;-560.0
-1;16000;KELP;2023;29;;;;;2025;2;2026;29;;;2024.0;-382.5859375
-1;16100;KELP;2022;21;;;;;2023;2;2026;21;;;2022.5;-368.5
-1;16100;RAINFOREST_RESIN;9995;21;;;;;10000;2;10002;10;10005;21;9997.5;-560.0
-1;16200;KELP;2022;24;;;;;2023;1;2026;24;;;2022.5;-413.494140625
-1;16200;RAINFOREST_RESIN;9995;24;;;;;9998;1;10005;24;;;9996.5;-560.0
-1;16300;RAINFOREST_RESIN;9996;1;9995;22;;;10004;1;10005;22;;;10000.0;-678.0
-1;16300;KELP;2023;2;2022;23;;;2026;23;;;;;2024.5;-462.40234375
-1;16400;RAINFOREST_RESIN;9996;2;9995;30;;;10002;3;10004;2;10005;30;9999.0;-678.0
-1;16400;KELP;2023;2;2022;30;;;2026;32;;;;;2024.5;-459.15625
-1;16500;KELP;2023;2;2022;21;;;2026;23;;;;;2024.5;-458.7890625
-1;16500;RAINFOREST_RESIN;9996;2;9995;21;;;10002;7;10004;2;10005;21;9999.0;-678.0
-1;16600;KELP;2022;30;;;;;2023;1;2026;30;;;2022.5;-460.412109375
-1;16600;RAINFOREST_RESIN;9998;4;9996;2;9995;28;10004;2;10005;28;;;10001.0;-678.0
-1;16700;RAINFOREST_RESIN;10002;1;9995;26;;;10005;26;;;;;10003.5;-678.0
-1;16700;KELP;2025;1;2022;26;;;2026;26;;;;;2025.5;-512.4609375
-1;16800;RAINFOREST_RESIN;9995;26;;;;;10005;26;;;;;10000.0;-806.0
-1;16800;KELP;2022;26;;;;;2026;26;;;;;2024.0;-568.80859375
-1;16900;KELP;2023;1;2022;25;;;2026;26;;;;;2024.5;-566.53515625
-1;16900;RAINFOREST_RESIN;9996;1;9995;25;;;10004;1;10005;25;;;10000.0;-806.0
-1;17000;KELP;2023;29;;;;;2026;29;;;;;2024.5;-564.22265625
-1;17000;RAINFOREST_RESIN;9998;9;9995;29;;;10005;29;;;;;10001.5;-806.0
-1;17100;KELP;2023;23;;;;;2026;23;;;;;2024.5;-562.1875
-1;17100;RAINFOREST_RESIN;9996;2;9995;21;;;10004;2;10005;21;;;10000.0;-806.0
-1;17200;RAINFOREST_RESIN;9998;3;9996;2;9995;22;10004;2;10005;22;;;10001.0;-806.0
-1;17200;KELP;2023;24;;;;;2026;24;;;;;2024.5;-559.73046875
-1;17300;KELP;2023;25;;;;;2025;6;2026;25;;;2024.0;-558.16015625
-1;17300;RAINFOREST_RESIN;9996;2;9995;23;;;10002;9;10004;2;10005;23;9999.0;-806.0
-1;17400;RAINFOREST_RESIN;10000;6;9998;7;9995;28;10005;28;;;;;10002.5;-806.0
-1;17400;KELP;2024;6;2023;28;;;2026;28;;;;;2025.0;-554.11328125
-1;17500;KELP;2023;26;;;;;2027;26;;;;;2025.0;-553.44140625
-1;17500;RAINFOREST_RESIN;9995;26;;;;;10005;26;;;;;10000.0;-806.0
-1;17600;RAINFOREST_RESIN;9998;6;9995;30;;;10005;30;;;;;10001.5;-806.0
-1;17600;KELP;2023;30;;;;;2026;30;;;;;2024.5;-555.41015625
-1;17700;KELP;2025;1;2023;29;;;2026;29;;;;;2025.5;-556.8046875
-1;17700;RAINFOREST_RESIN;9996;2;9995;27;;;10004;2;10005;27;;;10000.0;-806.0
-1;17800;RAINFOREST_RESIN;9996;2;9995;24;;;10002;5;10004;2;10005;24;9999.0;-806.0
-1;17800;KELP;2023;26;;;;;2026;2;2027;24;;;2024.5;-605.66015625
-1;17900;KELP;2023;23;;;;;2027;23;;;;;2025.0;-606.11328125
-1;17900;RAINFOREST_RESIN;9995;23;;;;;10005;23;;;;;10000.0;-806.0
-1;18000;RAINFOREST_RESIN;9996;2;9995;25;;;10004;2;10005;25;;;10000.0;-806.0
-1;18000;KELP;2023;27;;;;;2026;27;;;;;2024.5;-605.216796875
-1;18100;KELP;2023;20;;;;;2027;20;;;;;2025.0;-608.27734375
-1;18100;RAINFOREST_RESIN;9995;20;;;;;10005;20;;;;;10000.0;-806.0
-1;18200;RAINFOREST_RESIN;9996;1;9995;25;;;10004;1;10005;25;;;10000.0;-806.0
-1;18200;KELP;2024;21;;;;;2027;26;;;;;2025.5;-611.580078125
-1;18300;KELP;2023;25;;;;;2027;25;;;;;2025.0;-609.22265625
-1;18300;RAINFOREST_RESIN;9996;2;9995;23;;;10004;2;10005;23;;;10000.0;-806.0
-1;18400;RAINFOREST_RESIN;9996;2;9995;23;;;10004;2;10005;23;;;10000.0;-806.0
-1;18400;KELP;2024;25;;;;;2026;5;2027;25;;;2025.0;-613.537109375
-1;18500;KELP;2024;29;;;;;2025;1;2027;29;;;2024.5;-614.228515625
-1;18500;RAINFOREST_RESIN;9995;29;;;;;10000;2;10005;29;;;9997.5;-806.0
-1;18600;RAINFOREST_RESIN;10002;1;9995;20;;;10005;20;;;;;10003.5;-806.0
-1;18600;KELP;2024;20;;;;;2026;5;2027;20;;;2025.0;-615.40234375
-1;18700;KELP;2024;22;;;;;2027;22;;;;;2025.5;-615.724609375
-1;18700;RAINFOREST_RESIN;9995;22;;;;;10005;22;;;;;10000.0;-904.0
-1;18800;RAINFOREST_RESIN;9996;2;9995;26;;;10004;2;10005;26;;;10000.0;-904.0
-1;18800;KELP;2024;28;;;;;2027;28;;;;;2025.5;-613.17578125
-1;18900;KELP;2024;22;;;;;2027;22;;;;;2025.5;-614.298828125
-1;18900;RAINFOREST_RESIN;9998;2;9995;22;;;10005;22;;;;;10001.5;-904.0
-1;19000;RAINFOREST_RESIN;9996;2;9995;26;;;10004;2;10005;26;;;10000.0;-904.0
-1;19000;KELP;2024;18;;;;;2027;28;;;;;2025.5;-614.525390625
-1;19100;KELP;2024;28;;;;;2027;28;;;;;2025.5;-614.822265625
-1;19100;RAINFOREST_RESIN;9996;2;9995;26;;;10004;2;10005;26;;;10000.0;-904.0
-1;19200;RAINFOREST_RESIN;9996;1;9995;20;;;9998;1;10004;1;10005;20;9997.0;-904.0
-1;19200;KELP;2024;21;;;;;2027;21;;;;;2025.5;-615.521484375
-1;19300;KELP;2024;23;;;;;2027;23;;;;;2025.5;-615.681640625
-1;19300;RAINFOREST_RESIN;9996;2;9995;21;;;10004;2;10005;21;;;10000.0;-906.0
-1;19400;RAINFOREST_RESIN;9995;26;;;;;10005;26;;;;;10000.0;-906.0
-1;19400;KELP;2023;26;;;;;2027;26;;;;;2025.0;-609.92578125
-1;19500;KELP;2024;23;;;;;2027;23;;;;;2025.5;-613.17578125
-1;19500;RAINFOREST_RESIN;9995;23;;;;;10005;23;;;;;10000.0;-906.0
-1;19600;RAINFOREST_RESIN;9996;2;9995;27;;;10004;2;10005;27;;;10000.0;-906.0
-1;19600;KELP;2024;2;2023;27;;;2027;29;;;;;2025.5;-609.986328125
-1;19700;KELP;2024;31;;;;;2026;7;2027;32;;;2025.0;-611.005859375
-1;19700;RAINFOREST_RESIN;10002;1;9996;2;9995;30;10004;2;10005;30;;;10003.0;-906.0
-1;19800;RAINFOREST_RESIN;9996;2;9995;29;;;10004;2;10005;29;;;10000.0;-912.0
-1;19800;KELP;2024;31;;;;;2027;31;;;;;2025.5;-612.33984375
-1;19900;KELP;2024;32;;;;;2027;32;;;;;2025.5;-613.771484375
-1;19900;RAINFOREST_RESIN;9996;2;9995;30;;;10004;2;10005;30;;;10000.0;-912.0
-1;20000;KELP;2024;2;2023;27;;;2027;27;;;;;2025.5;-607.615234375
-1;20000;RAINFOREST_RESIN;9995;27;;;;;10002;4;10005;27;;;9998.5;-912.0
-1;20100;RAINFOREST_RESIN;10002;1;9996;1;9995;30;10004;1;10005;30;;;10003.0;-912.0
-1;20100;KELP;2023;31;;;;;2025;4;2027;31;;;2024.0;-608.208984375
-1;20200;RAINFOREST_RESIN;9995;29;;;;;9998;1;10005;29;;;9996.5;-914.0
-1;20200;KELP;2023;29;;;;;2027;29;;;;;2025.0;-672.6328125
-1;20300;KELP;2024;26;;;;;2027;27;;;;;2025.5;-655.58203125
-1;20300;RAINFOREST_RESIN;9995;27;;;;;10005;27;;;;;10000.0;-1057.0
-1;20400;KELP;2024;30;;;;;2025;4;2027;29;;;2024.5;-662.34375
-1;20400;RAINFOREST_RESIN;9996;1;9995;28;;;10000;4;10004;1;10005;28;9998.0;-1057.0
-1;20500;RAINFOREST_RESIN;10000;3;9996;2;9995;30;10004;2;10005;30;;;10002.0;-1057.0
-1;20500;KELP;2025;4;2024;7;2023;30;2027;32;;;;;2026.0;-666.59375
-1;20600;RAINFOREST_RESIN;9996;2;9995;26;;;10004;2;10005;26;;;10000.0;-1057.0
-1;20600;KELP;2023;28;;;;;2027;28;;;;;2025.0;-667.28515625
-1;20700;KELP;2025;6;2023;22;;;2027;22;;;;;2026.0;-666.3984375
-1;20700;RAINFOREST_RESIN;10002;1;10000;6;9998;4;10005;22;;;;;10003.5;-1057.0
-1;20800;KELP;2024;2;2023;22;;;2027;24;;;;;2025.5;-666.109375
-1;20800;RAINFOREST_RESIN;9996;2;9995;22;;;10004;2;10005;22;;;10000.0;-1055.0
-1;20900;RAINFOREST_RESIN;9995;23;;;;;10005;23;;;;;10000.0;-1055.0
-1;20900;KELP;2026;1;2023;23;;;2027;23;;;;;2026.5;-665.03125
-1;21000;RAINFOREST_RESIN;9996;2;9995;26;;;10004;2;10005;26;;;10000.0;-1055.0
-1;21000;KELP;2024;28;;;;;2027;28;;;;;2025.5;-715.0
-1;21100;KELP;2024;2;2023;22;;;2027;24;;;;;2025.5;-715.0
-1;21100;RAINFOREST_RESIN;9996;2;9995;22;;;10004;2;10005;22;;;10000.0;-1055.0
-1;21200;KELP;2024;22;;;;;2027;22;;;;;2025.5;-715.0
-1;21200;RAINFOREST_RESIN;9995;22;;;;;9998;1;10005;22;;;9996.5;-1055.0
-1;21300;RAINFOREST_RESIN;9996;1;9995;29;;;10002;7;10004;1;10005;29;9999.0;-1163.0
-1;21300;KELP;2024;1;2023;29;;;2027;30;;;;;2025.5;-715.0
-1;21400;RAINFOREST_RESIN;9995;28;;;;;10005;28;;;;;10000.0;-1163.0
-1;21400;KELP;2024;28;;;;;2027;28;;;;;2025.5;-715.0
-1;21500;KELP;2026;4;2024;21;;;2027;21;;;;;2026.5;-715.0
-1;21500;RAINFOREST_RESIN;9996;1;9995;20;;;10004;1;10005;20;;;10000.0;-1163.0
-1;21600;KELP;2024;27;;;;;2027;2;2028;25;;;2025.5;-752.51953125
-1;21600;RAINFOREST_RESIN;10002;12;9996;2;9995;25;10004;2;10005;25;;;10003.0;-1163.0
-1;21700;RAINFOREST_RESIN;9998;8;9996;2;9995;29;10004;2;10005;29;;;10001.0;-1147.0
-1;21700;KELP;2024;31;;;;;2027;31;;;;;2025.5;-750.28125
-1;21800;RAINFOREST_RESIN;9996;2;9995;22;;;10004;2;10005;22;;;10000.0;-1147.0
-1;21800;KELP;2024;24;;;;;2028;24;;;;;2026.0;-754.66015625
-1;21900;KELP;2024;22;;;;;2028;22;;;;;2026.0;-755.70703125
-1;21900;RAINFOREST_RESIN;10002;3;9996;1;9995;21;10004;1;10005;21;;;10003.0;-1147.0
-1;22000;KELP;2024;21;;;;;2028;21;;;;;2026.0;-752.40234375
-1;22000;RAINFOREST_RESIN;9995;21;;;;;10005;21;;;;;10000.0;-1145.0
-1;22100;RAINFOREST_RESIN;9996;2;9995;22;;;10002;7;10004;2;10005;22;9999.0;-1145.0
-1;22100;KELP;2024;23;;;;;2027;24;;;;;2025.5;-744.4375
-1;22200;RAINFOREST_RESIN;9998;6;9996;1;9995;20;10004;1;10005;20;;;10001.0;-1145.0
-1;22200;KELP;2024;21;;;;;2027;21;;;;;2025.5;-739.52734375
-1;22300;KELP;2023;29;;;;;2026;1;2027;28;;;2024.5;-726.8828125
-1;22300;RAINFOREST_RESIN;9996;1;9995;28;;;10004;1;10005;28;;;10000.0;-1145.0
-1;22400;KELP;2023;29;;;;;2026;29;;;;;2024.5;-725.796875
-1;22400;RAINFOREST_RESIN;9996;2;9995;27;;;9998;1;10004;2;10005;27;9997.0;-1145.0
-1;22500;RAINFOREST_RESIN;9996;2;9995;29;;;10004;2;10005;29;;;10000.0;-1151.0
-1;22500;KELP;2023;31;;;;;2026;31;;;;;2024.5;-720.171875
-1;22600;RAINFOREST_RESIN;10000;6;9998;6;9996;2;10004;2;10005;20;;;10002.0;-1151.0
-1;22600;KELP;2024;6;2023;26;;;2026;22;;;;;2025.0;-718.3515625
-1;22700;KELP;2023;25;;;;;2026;26;;;;;2024.5;-717.4765625
-1;22700;RAINFOREST_RESIN;9996;2;9995;24;;;10004;2;10005;24;;;10000.0;-1151.0
-1;22800;KELP;2023;27;;;;;2026;28;;;;;2024.5;-712.59375
-1;22800;RAINFOREST_RESIN;9996;1;9995;27;;;9998;2;10004;1;10005;27;9997.0;-1151.0
-1;22900;RAINFOREST_RESIN;9996;2;9995;30;;;10002;8;10004;2;10005;30;9999.0;-1151.0
-1;22900;KELP;2023;2;2022;30;;;2026;32;;;;;2024.5;-711.30859375
-1;23000;RAINFOREST_RESIN;9996;1;9995;21;;;10004;1;10005;21;;;10000.0;-1151.0
-1;23000;KELP;2022;22;;;;;2026;22;;;;;2024.0;-707.91796875
-1;23100;KELP;2023;23;;;;;2026;23;;;;;2024.5;-714.5703125
-1;23100;RAINFOREST_RESIN;9998;8;9995;23;;;10005;23;;;;;10001.5;-1151.0
-1;23200;KELP;2023;2;2022;29;;;2024;3;2026;31;;;2023.5;-711.70703125
-1;23200;RAINFOREST_RESIN;9998;5;9996;2;9995;29;10004;2;10005;29;;;10001.0;-1151.0
-1;23300;RAINFOREST_RESIN;9996;1;9995;29;;;10004;1;10005;29;;;10000.0;-1151.0
-1;23300;KELP;2023;30;;;;;2026;30;;;;;2024.5;-765.755859375
-1;23400;RAINFOREST_RESIN;9996;1;9995;29;;;10004;1;10005;29;;;10000.0;-1151.0
-1;23400;KELP;2023;30;;;;;2026;30;;;;;2024.5;-765.65625
-1;23500;KELP;2023;29;;;;;2025;4;2026;30;;;2024.0;-765.736328125
-1;23500;RAINFOREST_RESIN;9998;8;9996;2;9995;28;10004;2;10005;28;;;10001.0;-1151.0
-1;23600;KELP;2022;27;;;;;2026;27;;;;;2024.0;-767.28515625
-1;23600;RAINFOREST_RESIN;9995;27;;;;;10005;27;;;;;10000.0;-1151.0
-1;23700;RAINFOREST_RESIN;10002;1;9996;2;9995;21;10004;2;10005;21;;;10003.0;-1151.0
-1;23700;KELP;2023;2;2022;21;;;2025;7;2026;23;;;2024.0;-767.1796875
-1;23800;RAINFOREST_RESIN;9995;30;;;;;10005;30;;;;;10000.0;-1157.0
-1;23800;KELP;2024;1;2022;30;;;2026;30;;;;;2025.0;-770.09765625
-1;23900;KELP;2025;1;2023;1;2022;30;2026;30;;;;;2025.5;-768.046875
-1;23900;RAINFOREST_RESIN;9995;30;;;;;10005;30;;;;;10000.0;-1157.0
-1;24000;KELP;2022;29;;;;;2026;29;;;;;2024.0;-768.298828125
-1;24000;RAINFOREST_RESIN;9998;9;9995;29;;;10005;29;;;;;10001.5;-1157.0
-1;24100;RAINFOREST_RESIN;9996;1;9995;25;;;10004;1;10005;25;;;10000.0;-1157.0
-1;24100;KELP;2023;1;2022;25;;;2025;3;2026;26;;;2024.0;-767.5341796875
-1;24200;RAINFOREST_RESIN;9996;2;9995;28;;;10002;6;10004;2;10005;28;9999.0;-1157.0
-1;24200;KELP;2023;30;;;;;2026;30;;;;;2024.5;-766.4853515625
-1;24300;KELP;2023;26;;;;;2026;26;;;;;2024.5;-766.3203125
-1;24300;RAINFOREST_RESIN;9996;2;9995;24;;;10002;1;10004;2;10005;24;9999.0;-1157.0
-1;24400;KELP;2025;1;2023;22;;;2026;22;;;;;2025.5;-767.1923828125
-1;24400;RAINFOREST_RESIN;10002;1;9998;4;9996;1;10004;1;10005;21;;;10003.0;-1157.0
-1;24500;RAINFOREST_RESIN;10002;1;9996;1;9995;25;10004;1;10005;25;;;10003.0;-1163.0
-1;24500;KELP;2022;26;;;;;2026;26;;;;;2024.0;-790.3359375
-1;24600;RAINFOREST_RESIN;9995;24;;;;;9998;2;10005;24;;;9996.5;-1165.0
-1;24600;KELP;2022;24;;;;;2024;2;2026;24;;;2023.0;-792.912109375
-1;24700;KELP;2023;25;;;;;2026;25;;;;;2024.5;-834.833984375
-1;24700;RAINFOREST_RESIN;9995;25;;;;;10005;25;;;;;10000.0;-1281.0
-1;24800;KELP;2022;23;;;;;2026;23;;;;;2024.0;-837.48828125
-1;24800;RAINFOREST_RESIN;9995;23;;;;;10005;23;;;;;10000.0;-1281.0
-1;24900;RAINFOREST_RESIN;10002;1;9996;1;9995;22;10004;1;10005;22;;;10003.0;-1281.0
-1;24900;KELP;2024;4;2022;23;;;2026;23;;;;;2025.0;-836.896484375
-1;25000;RAINFOREST_RESIN;9995;23;;;;;10005;23;;;;;10000.0;-1283.0
-1;25000;KELP;2023;23;;;;;2026;23;;;;;2024.5;-835.072265625
-1;25100;KELP;2022;25;;;;;2024;4;2026;25;;;2023.0;-836.501953125
-1;25100;RAINFOREST_RESIN;10002;1;9995;25;;;10005;25;;;;;10003.5;-1283.0
-1;25200;KELP;2023;1;2022;24;;;2025;3;2026;25;;;2024.0;-880.5703125
-1;25200;RAINFOREST_RESIN;9996;1;9995;24;;;9998;5;10004;1;10005;24;9997.0;-1406.0
-1;25300;RAINFOREST_RESIN;9996;2;9995;22;;;10004;2;10005;22;;;10000.0;-1400.0
-1;25300;KELP;2023;4;2022;22;;;2026;24;;;;;2024.5;-880.6171875
-1;25400;RAINFOREST_RESIN;9996;1;9995;29;;;10004;1;10005;29;;;10000.0;-1400.0
-1;25400;KELP;2025;8;2023;30;;;2026;30;;;;;2025.5;-878.1328125
-1;25500;KELP;2022;21;;;;;2025;21;;;;;2023.5;-910.3126220703125
-1;25500;RAINFOREST_RESIN;9996;1;9995;20;;;9998;6;10002;9;10004;1;9997.0;-1400.0
-1;25600;KELP;2023;31;;;;;2026;23;;;;;2024.5;-909.729736328125
-1;25600;RAINFOREST_RESIN;9996;1;9995;22;;;10002;7;10004;1;10005;22;9999.0;-1406.0
-1;25700;RAINFOREST_RESIN;9996;2;9995;30;;;10004;2;10005;30;;;10000.0;-1406.0
-1;25700;KELP;2023;32;;;;;2025;6;2026;32;;;2024.0;-909.5909423828125
-1;25800;RAINFOREST_RESIN;10002;4;9995;24;;;10005;24;;;;;10003.5;-1406.0
-1;25800;KELP;2023;23;;;;;2026;24;;;;;2024.5;-909.4215087890625
-1;25900;KELP;2023;25;;;;;2026;25;;;;;2024.5;-909.647705078125
-1;25900;RAINFOREST_RESIN;9996;2;9995;23;;;10004;2;10005;23;;;10000.0;-1518.0
-1;26000;RAINFOREST_RESIN;9996;2;9995;27;;;10004;2;10005;27;;;10000.0;-1518.0
-1;26000;KELP;2023;22;;;;;2026;29;;;;;2024.5;-909.7801513671875
-1;26100;KELP;2023;20;;;;;2026;20;;;;;2024.5;-909.627197265625
-1;26100;RAINFOREST_RESIN;9998;7;9995;20;;;10005;20;;;;;10001.5;-1518.0
-1;26200;RAINFOREST_RESIN;9996;1;9995;22;;;10004;1;10005;22;;;10000.0;-1518.0
-1;26200;KELP;2023;23;;;;;2026;23;;;;;2024.5;-909.5858154296875
-1;26300;KELP;2023;30;;;;;2026;30;;;;;2024.5;-909.6265869140625
-1;26300;RAINFOREST_RESIN;9996;1;9995;29;;;9998;1;10004;1;10005;29;9997.0;-1518.0
-1;26400;RAINFOREST_RESIN;9995;22;;;;;10005;22;;;;;10000.0;-1520.0
-1;26400;KELP;2023;27;;;;;2026;22;;;;;2024.5;-909.705078125
-1;26500;KELP;2023;24;;;;;2026;24;;;;;2024.5;-909.7232666015625
-1;26500;RAINFOREST_RESIN;9996;1;9995;23;;;10004;1;10005;23;;;10000.0;-1520.0
-1;26600;RAINFOREST_RESIN;9996;2;9995;28;;;9998;1;10004;2;10005;28;9997.0;-1520.0
-1;26600;KELP;2023;36;;;;;2026;30;;;;;2024.5;-909.64013671875
-1;26700;KELP;2023;24;;;;;2025;6;2026;24;;;2024.0;-909.6510009765625
-1;26700;RAINFOREST_RESIN;9998;2;9996;1;9995;23;10004;1;10005;23;;;10001.0;-1526.0
-1;26800;RAINFOREST_RESIN;9996;2;9995;28;;;10004;2;10005;28;;;10000.0;-1526.0
-1;26800;KELP;2025;1;2023;30;;;2026;30;;;;;2025.5;-909.681884765625
-1;26900;KELP;2023;29;;;;;2026;30;;;;;2024.5;-947.9765625
-1;26900;RAINFOREST_RESIN;10002;1;9995;30;;;10005;30;;;;;10003.5;-1526.0
-1;27000;RAINFOREST_RESIN;9995;28;;;;;10002;1;10005;28;;;9998.5;-1634.0
-1;27000;KELP;2023;30;;;;;2026;28;;;;;2024.5;-948.30859375
-1;27100;KELP;2023;27;;;;;2026;24;;;;;2024.5;-950.98828125
-1;27100;RAINFOREST_RESIN;9995;24;;;;;10005;24;;;;;10000.0;-1634.0
-1;27200;RAINFOREST_RESIN;9998;2;9995;21;;;10005;21;;;;;10001.5;-1634.0
-1;27200;KELP;2023;21;;;;;2025;2;2026;21;;;2024.0;-949.7578125
-1;27300;KELP;2025;1;2023;31;;;2026;31;;;;;2025.5;-950.65234375
-1;27300;RAINFOREST_RESIN;9996;2;9995;29;;;10004;2;10005;29;;;10000.0;-1634.0
-1;27400;RAINFOREST_RESIN;9995;21;;;;;10005;21;;;;;10000.0;-1634.0
-1;27400;KELP;2023;21;;;;;2026;21;;;;;2024.5;-982.21875
-1;27500;KELP;2023;23;;;;;2025;6;2026;23;;;2024.0;-984.15625
-1;27500;RAINFOREST_RESIN;9996;1;9995;22;;;10004;1;10005;22;;;10000.0;-1634.0
-1;27600;RAINFOREST_RESIN;9998;5;9995;24;;;10005;24;;;;;10001.5;-1634.0
-1;27600;KELP;2023;30;;;;;2026;24;;;;;2024.5;-978.7578125
-1;27700;KELP;2023;19;;;;;2026;24;;;;;2024.5;-980.75
-1;27700;RAINFOREST_RESIN;9995;24;;;;;10005;24;;;;;10000.0;-1634.0
-1;27800;RAINFOREST_RESIN;9998;9;9996;2;9995;26;10004;2;10005;26;;;10001.0;-1634.0
-1;27800;KELP;2023;28;;;;;2025;3;2026;28;;;2024.0;-986.203125
-1;27900;KELP;2025;1;2023;29;;;2026;29;;;;;2025.5;-983.0234375
-1;27900;RAINFOREST_RESIN;9996;2;9995;27;;;10002;4;10004;2;10005;27;9999.0;-1634.0
-1;28000;RAINFOREST_RESIN;9998;2;9995;28;;;10005;28;;;;;10001.5;-1634.0
-1;28000;KELP;2023;28;;;;;2026;28;;;;;2024.5;-986.9140625
-1;28100;KELP;2023;26;;;;;2026;26;;;;;2024.5;-982.9765625
-1;28100;RAINFOREST_RESIN;9996;2;9995;24;;;10004;2;10005;24;;;10000.0;-1634.0
-1;28200;RAINFOREST_RESIN;9996;1;9995;25;;;9998;2;10004;1;10005;25;9997.0;-1634.0
-1;28200;KELP;2023;26;;;;;2025;5;2026;1;2027;25;2024.0;-993.0234375
-1;28300;KELP;2023;24;;;;;2024;2;2027;24;;;2023.5;-995.875
-1;28300;RAINFOREST_RESIN;9996;1;9995;23;;;10004;1;10005;23;;;10000.0;-1634.0
-1;28400;RAINFOREST_RESIN;9996;2;9995;23;;;10004;2;10005;23;;;10000.0;-1634.0
-1;28400;KELP;2023;24;;;;;2027;25;;;;;2025.0;-1042.7265625
-1;28500;KELP;2023;23;;;;;2027;23;;;;;2025.0;-1045.05078125
-1;28500;RAINFOREST_RESIN;9998;10;9995;23;;;10005;23;;;;;10001.5;-1634.0
-1;28600;RAINFOREST_RESIN;10002;1;9996;2;9995;21;10004;2;10005;21;;;10003.0;-1634.0
-1;28600;KELP;2023;23;;;;;2025;8;2027;23;;;2024.0;-1045.23828125
-1;28700;RAINFOREST_RESIN;9995;30;;;;;10005;30;;;;;10000.0;-1640.0
-1;28700;KELP;2023;30;;;;;2027;30;;;;;2025.0;-1046.5703125
-1;28800;RAINFOREST_RESIN;9995;27;;;;;10005;27;;;;;10000.0;-1640.0
-1;28800;KELP;2024;27;;;;;2027;27;;;;;2025.5;-1050.34765625
-1;28900;KELP;2024;26;;;;;2027;22;;;;;2025.5;-1057.640625
-1;28900;RAINFOREST_RESIN;9998;7;9996;1;9995;21;10004;1;10005;21;;;10001.0;-1640.0
-1;29000;KELP;2024;23;;;;;2027;24;;;;;2025.5;-1052.6484375
-1;29000;RAINFOREST_RESIN;9995;24;;;;;10005;24;;;;;10000.0;-1640.0
-1;29100;RAINFOREST_RESIN;9996;2;9995;26;;;10004;2;10005;26;;;10000.0;-1640.0
-1;29100;KELP;2024;31;;;;;2027;28;;;;;2025.5;-1054.87890625
-1;29200;RAINFOREST_RESIN;9996;1;9995;30;;;10004;1;10005;30;;;10000.0;-1640.0
-1;29200;KELP;2026;1;2024;31;;;2027;31;;;;;2026.5;-1053.35546875
-1;29300;KELP;2024;32;;;;;2026;2;2027;32;;;2025.0;-1087.59375
-1;29300;RAINFOREST_RESIN;9996;2;9995;30;;;10002;3;10004;2;10005;30;9999.0;-1640.0
-1;29400;KELP;2024;25;;;;;2027;26;;;;;2025.5;-1088.6484375
-1;29400;RAINFOREST_RESIN;10002;1;9996;1;9995;25;10004;1;10005;25;;;10003.0;-1640.0
-1;29500;RAINFOREST_RESIN;9996;2;9995;27;;;10004;2;10005;27;;;10000.0;-1638.0
-1;29500;KELP;2024;31;;;;;2027;29;;;;;2025.5;-1089.484375
-1;29600;RAINFOREST_RESIN;9996;2;9995;28;;;10004;2;10005;28;;;10000.0;-1638.0
-1;29600;KELP;2024;2;2023;28;;;2025;3;2027;30;;;2024.5;-1074.96875
-1;29700;KELP;2024;28;;;;;2027;26;;;;;2025.5;-1137.35546875
-1;29700;RAINFOREST_RESIN;9996;1;9995;25;;;10002;4;10004;1;10005;25;9999.0;-1638.0
-1;29800;KELP;2024;31;;;;;2026;1;2027;1;2028;30;2025.0;-1138.462890625
-1;29800;RAINFOREST_RESIN;9998;6;9996;1;9995;30;10004;1;10005;30;;;10001.0;-1638.0
-1;29900;RAINFOREST_RESIN;9995;21;;;;;10005;21;;;;;10000.0;-1638.0
-1;29900;KELP;2025;8;2024;21;;;2028;21;;;;;2026.5;-1139.255859375
-1;30000;RAINFOREST_RESIN;9998;3;9996;1;9995;30;10004;1;10005;30;;;10001.0;-1638.0
-1;30000;KELP;2024;31;;;;;2028;31;;;;;2026.0;-1140.5078125
-1;30100;KELP;2024;30;;;;;2027;30;;;;;2025.5;-1137.068359375
-1;30100;RAINFOREST_RESIN;9996;2;9995;28;;;10004;2;10005;28;;;10000.0;-1638.0
-1;30200;KELP;2024;22;;;;;2027;22;;;;;2025.5;-1138.06640625
-1;30200;RAINFOREST_RESIN;9996;2;9995;20;;;10004;2;10005;20;;;10000.0;-1638.0
-1;30300;RAINFOREST_RESIN;9996;2;9995;29;;;10002;9;10004;2;10005;29;9999.0;-1638.0
-1;30300;KELP;2026;1;2024;31;;;2027;31;;;;;2026.5;-1136.34375
-1;30400;RAINFOREST_RESIN;10000;5;9996;2;9995;29;10002;8;10004;2;10005;29;10001.0;-1638.0
-1;30400;KELP;2025;5;2024;31;;;2027;31;;;;;2026.0;-1134.388671875
-1;30500;KELP;2024;22;;;;;2027;22;;;;;2025.5;-1131.091796875
-1;30500;RAINFOREST_RESIN;9998;5;9996;2;9995;20;10004;2;10005;20;;;10001.0;-1638.0
-1;30600;KELP;2024;1;2023;20;;;2027;22;;;;;2025.5;-1130.28125
-1;30600;RAINFOREST_RESIN;9996;2;9995;20;;;10002;4;10004;2;10005;20;9999.0;-1638.0
-1;30700;RAINFOREST_RESIN;9995;30;;;;;10005;30;;;;;10000.0;-1638.0
-1;30700;KELP;2024;30;;;;;2027;30;;;;;2025.5;-1131.095703125
-1;30800;RAINFOREST_RESIN;9996;1;9995;30;;;10004;1;10005;30;;;10000.0;-1638.0
-1;30800;KELP;2024;4;2023;30;;;2027;31;;;;;2025.5;-1130.568359375
-1;30900;KELP;2023;30;;;;;2025;7;2026;30;;;2024.0;-1123.0859375
-1;30900;RAINFOREST_RESIN;9996;2;9995;28;;;10002;6;10004;2;10005;28;9999.0;-1638.0
-1;31000;KELP;2024;4;2023;30;;;2026;23;;;;;2025.0;-1165.3203125
-1;31000;RAINFOREST_RESIN;10000;4;9996;1;9995;22;10004;1;10005;22;;;10002.0;-1638.0
-1;31100;RAINFOREST_RESIN;9996;2;9995;27;;;10004;2;10005;27;;;10000.0;-1638.0
-1;31100;KELP;2023;29;;;;;2026;2;2027;27;;;2024.5;-1162.86328125
-1;31200;RAINFOREST_RESIN;9996;2;9995;29;;;10002;6;10004;2;10005;29;9999.0;-1638.0
-1;31200;KELP;2023;31;;;;;2026;31;;;;;2024.5;-1163.640625
-1;31300;KELP;2023;24;;;;;2026;24;;;;;2024.5;-1164.3125
-1;31300;RAINFOREST_RESIN;9996;1;9995;23;;;10004;1;10005;23;;;10000.0;-1638.0
-1;31400;KELP;2023;26;;;;;2026;26;;;;;2024.5;-1169.18359375
-1;31400;RAINFOREST_RESIN;9995;26;;;;;9998;1;10005;26;;;9996.5;-1638.0
-1;31500;RAINFOREST_RESIN;9995;30;;;;;10005;30;;;;;10000.0;-1766.0
-1;31500;KELP;2023;35;;;;;2026;30;;;;;2024.5;-1167.7265625
-1;31600;RAINFOREST_RESIN;9995;27;;;;;10005;27;;;;;10000.0;-1766.0
-1;31600;KELP;2025;1;2023;27;;;2026;27;;;;;2025.5;-1165.48046875
-1;31700;KELP;2023;24;;;;;2025;3;2026;24;;;2024.0;-1210.84033203125
-1;31700;RAINFOREST_RESIN;9996;2;9995;22;;;10004;2;10005;22;;;10000.0;-1766.0
-1;31800;KELP;2024;6;2023;26;;;2026;1;2027;25;;;2025.0;-1211.49365234375
-1;31800;RAINFOREST_RESIN;10000;6;9996;1;9995;25;10004;1;10005;25;;;10002.0;-1766.0
-1;31900;RAINFOREST_RESIN;9998;3;9995;28;;;10005;28;;;;;10001.5;-1770.0
-1;31900;KELP;2024;4;2023;28;;;2027;28;;;;;2025.5;-1211.546875
-1;32000;RAINFOREST_RESIN;9996;1;9995;24;;;10004;1;10005;24;;;10000.0;-1770.0
-1;32000;KELP;2024;2;2023;25;;;2026;1;2027;24;;;2025.0;-1211.31298828125
-1;32100;KELP;2023;29;;;;;2026;29;;;;;2024.5;-1210.021484375
-1;32100;RAINFOREST_RESIN;9996;1;9995;28;;;10004;1;10005;28;;;10000.0;-1770.0
-1;32200;KELP;2023;28;;;;;2027;28;;;;;2025.0;-1211.78564453125
-1;32200;RAINFOREST_RESIN;9996;1;9995;27;;;10004;1;10005;27;;;10000.0;-1770.0
-1;32300;RAINFOREST_RESIN;9995;25;;;;;10005;25;;;;;10000.0;-1770.0
-1;32300;KELP;2023;25;;;;;2026;25;;;;;2024.5;-1210.6396484375
-1;32400;RAINFOREST_RESIN;9996;1;9995;30;;;10004;1;10005;30;;;10000.0;-1770.0
-1;32400;KELP;2023;30;;;;;2026;1;2027;30;;;2024.5;-1211.24609375
-1;32500;KELP;2023;21;;;;;2025;5;2027;22;;;2024.0;-1211.7666015625
-1;32500;RAINFOREST_RESIN;9998;1;9996;1;9995;21;10004;1;10005;21;;;10001.0;-1770.0
-1;32600;KELP;2023;30;;;;;2027;30;;;;;2025.0;-1212.015625
-1;32600;RAINFOREST_RESIN;10002;1;9995;30;;;10005;30;;;;;10003.5;-1770.0
-1;32700;RAINFOREST_RESIN;9996;2;9995;22;;;10004;2;10005;22;;;10000.0;-1858.0
-1;32700;KELP;2023;24;;;;;2026;2;2027;22;;;2024.5;-1211.5302734375
-1;32800;RAINFOREST_RESIN;9996;2;9995;28;;;10004;2;10005;28;;;10000.0;-1858.0
-1;32800;KELP;2023;30;;;;;2026;2;2027;28;;;2024.5;-1211.4404296875
-1;32900;KELP;2023;29;;;;;2026;2;2027;27;;;2024.5;-1211.158203125
-1;32900;RAINFOREST_RESIN;9996;2;9995;27;;;10004;2;10005;27;;;10000.0;-1858.0
-1;33000;KELP;2025;1;2023;30;;;2026;30;;;;;2025.5;-1210.716796875
-1;33000;RAINFOREST_RESIN;9996;2;9995;28;;;10004;2;10005;28;;;10000.0;-1858.0
-1;33100;RAINFOREST_RESIN;9996;1;9995;28;;;10004;1;10005;28;;;10000.0;-1858.0
-1;33100;KELP;2023;28;;;;;2025;3;2026;29;;;2024.0;-1261.1796875
-1;33200;RAINFOREST_RESIN;9996;1;9995;20;;;10002;7;10004;1;10005;20;9999.0;-1858.0
-1;33200;KELP;2023;20;;;;;2024;10;2026;1;2027;20;2023.5;-1267.5078125
-1;33300;KELP;2024;1;2023;20;;;2027;21;;;;;2025.5;-1267.6015625
-1;33300;RAINFOREST_RESIN;9996;1;9995;20;;;10004;1;10005;20;;;10000.0;-1858.0
-1;33400;KELP;2023;32;;;;;2027;32;;;;;2025.0;-1264.6015625
-1;33400;RAINFOREST_RESIN;9996;2;9995;30;;;10002;3;10004;2;10005;30;9999.0;-1858.0
-1;33500;RAINFOREST_RESIN;9996;1;9995;20;;;10004;1;10005;20;;;10000.0;-1858.0
-1;33500;KELP;2023;21;;;;;2026;21;;;;;2024.5;-1253.75390625
-1;33600;RAINFOREST_RESIN;10002;6;9995;27;;;10005;27;;;;;10003.5;-1858.0
-1;33600;KELP;2023;27;;;;;2026;27;;;;;2024.5;-1252.15625
-1;33700;KELP;2023;32;;;;;2026;28;;;;;2024.5;-1249.70703125
-1;33700;RAINFOREST_RESIN;9996;1;9995;27;;;10002;1;10004;1;10005;27;9999.0;-1850.0
-1;33800;KELP;2024;3;2023;31;;;2026;26;;;;;2025.0;-1245.9921875
-1;33800;RAINFOREST_RESIN;9996;1;9995;25;;;10004;1;10005;25;;;10000.0;-1850.0
-1;33900;RAINFOREST_RESIN;9995;24;;;;;10005;24;;;;;10000.0;-1850.0
-1;33900;KELP;2023;24;;;;;2026;24;;;;;2024.5;-1249.70703125
-1;34000;RAINFOREST_RESIN;10002;1;9995;30;;;10005;30;;;;;10003.5;-1850.0
-1;34000;KELP;2023;29;;;;;2025;8;2026;30;;;2024.0;-1250.88671875
-1;34100;KELP;2023;25;;;;;2026;23;;;;;2024.5;-1247.5703125
-1;34100;RAINFOREST_RESIN;9996;1;9995;22;;;10004;1;10005;22;;;10000.0;-1850.0
-1;34200;KELP;2022;23;;;;;2024;1;2026;23;;;2023.0;-1239.2734375
-1;34200;RAINFOREST_RESIN;9995;23;;;;;10005;23;;;;;10000.0;-1850.0
-1;34300;RAINFOREST_RESIN;10002;1;9996;1;9995;22;10004;1;10005;22;;;10003.0;-1850.0
-1;34300;KELP;2022;23;;;;;2026;23;;;;;2024.0;-1285.0
-1;34400;RAINFOREST_RESIN;9996;2;9995;23;;;10004;2;10005;23;;;10000.0;-1850.0
-1;34400;KELP;2023;3;2022;25;;;2025;2;2026;23;;;2024.0;-1285.0
-1;34500;KELP;2022;30;;;;;2023;5;2024;1;2026;30;2022.5;-1285.0
-1;34500;RAINFOREST_RESIN;9995;30;;;;;10005;30;;;;;10000.0;-1850.0
-1;34600;KELP;2022;29;;;;;2023;1;2026;29;;;2022.5;-1279.529296875
-1;34600;RAINFOREST_RESIN;9995;29;;;;;10005;29;;;;;10000.0;-1850.0
-1;34700;RAINFOREST_RESIN;9998;6;9995;24;;;10005;24;;;;;10001.5;-1850.0
-1;34700;KELP;2023;24;;;;;2026;24;;;;;2024.5;-1328.96875
-1;34800;RAINFOREST_RESIN;9996;2;9995;23;;;10004;2;10005;23;;;10000.0;-1850.0
-1;34800;KELP;2023;2;2022;23;;;2026;25;;;;;2024.5;-1332.5234375
-1;34900;KELP;2023;21;;;;;2026;21;;;;;2024.5;-1328.125
-1;34900;RAINFOREST_RESIN;9996;1;9995;20;;;10004;1;10005;20;;;10000.0;-1850.0
-1;35000;RAINFOREST_RESIN;10002;1;9995;20;;;10005;20;;;;;10003.5;-1850.0
-1;35000;KELP;2025;1;2023;20;;;2026;20;;;;;2025.5;-1308.7421875
-1;35100;KELP;2023;31;;;;;2026;31;;;;;2024.5;-1348.654296875
-1;35100;RAINFOREST_RESIN;10002;3;9996;2;9995;29;10004;2;10005;29;;;10003.0;-1850.0
-1;35200;RAINFOREST_RESIN;9996;2;9995;28;;;10002;10;10004;2;10005;28;9999.0;-1850.0
-1;35200;KELP;2023;33;;;;;2026;30;;;;;2024.5;-1346.10546875
-1;35300;KELP;2023;20;;;;;2026;28;;;;;2024.5;-1351.123046875
-1;35300;RAINFOREST_RESIN;9998;6;9996;1;9995;27;10004;1;10005;27;;;10001.0;-1850.0
-1;35400;RAINFOREST_RESIN;10002;3;9995;25;;;10005;25;;;;;10003.5;-1850.0
-1;35400;KELP;2025;1;2023;27;;;2026;25;;;;;2025.5;-1351.744140625
-1;35500;KELP;2023;28;;;;;2026;28;;;;;2024.5;-1386.20703125
-1;35500;RAINFOREST_RESIN;9996;2;9995;26;;;10004;2;10005;26;;;10000.0;-1850.0
-1;35600;RAINFOREST_RESIN;9995;26;;;;;10005;26;;;;;10000.0;-1850.0
-1;35600;KELP;2023;26;;;;;2026;26;;;;;2024.5;-1385.267578125
-1;35700;KELP;2023;29;;;;;2026;29;;;;;2024.5;-1386.595703125
-1;35700;RAINFOREST_RESIN;9996;2;9995;27;;;10004;2;10005;27;;;10000.0;-1850.0
-1;35800;RAINFOREST_RESIN;9998;7;9996;1;9995;30;10004;1;10005;30;;;10001.0;-1850.0
-1;35800;KELP;2023;29;;;;;2026;31;;;;;2024.5;-1386.32421875
-1;35900;KELP;2023;2;2022;21;;;2026;23;;;;;2024.5;-1383.78515625
-1;35900;RAINFOREST_RESIN;9996;2;9995;21;;;10004;2;10005;21;;;10000.0;-1850.0
-1;36000;RAINFOREST_RESIN;9995;30;;;;;10002;5;10005;30;;;9998.5;-1850.0
-1;36000;KELP;2022;30;;;;;2024;3;2026;30;;;2023.0;-1383.83984375
-1;36100;KELP;2022;26;;;;;2025;2;2026;24;;;2023.5;-1444.73046875
-1;36100;RAINFOREST_RESIN;10002;8;9996;2;9995;24;10004;2;10005;24;;;10003.0;-1850.0
-1;36200;RAINFOREST_RESIN;9996;1;9995;29;;;9998;1;10004;1;10005;29;9997.0;-1850.0
-1;36200;KELP;2022;30;;;;;2025;1;2026;29;;;2023.5;-1444.5546875
-1;36300;KELP;2022;22;;;;;2024;6;2025;22;;;2023.0;-1446.4453125
-1;36300;RAINFOREST_RESIN;9996;1;9995;21;;;10004;1;10005;21;;;10000.0;-1852.0
-1;36400;RAINFOREST_RESIN;9998;1;9996;1;9995;20;10004;1;10005;20;;;10001.0;-1852.0
-1;36400;KELP;2024;1;2023;3;2022;21;2025;1;2026;20;;;2024.5;-1445.63671875
-1;36500;KELP;2022;25;;;;;2023;2;2025;25;;;2022.5;-1450.677734375
-1;36500;RAINFOREST_RESIN;9995;25;;;;;10005;25;;;;;10000.0;-1852.0
-1;36600;RAINFOREST_RESIN;9996;1;9995;28;;;10004;1;10005;28;;;10000.0;-1852.0
-1;36600;KELP;2022;29;;;;;2025;29;;;;;2023.5;-1478.5703125
-1;36700;KELP;2021;21;;;;;2025;21;;;;;2023.0;-1516.5234375
-1;36700;RAINFOREST_RESIN;9995;21;;;;;10005;21;;;;;10000.0;-1852.0
-1;36800;RAINFOREST_RESIN;9995;30;;;;;10005;30;;;;;10000.0;-1852.0
-1;36800;KELP;2021;30;;;;;2025;30;;;;;2023.0;-1513.25
-1;36900;KELP;2021;27;;;;;2024;27;;;;;2022.5;-1540.3203125
-1;36900;RAINFOREST_RESIN;9996;1;9995;26;;;10004;1;10005;26;;;10000.0;-1852.0
-1;37000;RAINFOREST_RESIN;9996;2;9995;23;;;10004;2;10005;23;;;10000.0;-1852.0
-1;37000;KELP;2020;25;;;;;2024;25;;;;;2022.0;-1556.6796875
-1;37100;KELP;2021;27;;;;;2024;23;;;;;2022.5;-1529.3046875
-1;37100;RAINFOREST_RESIN;9996;2;9995;21;;;10004;2;10005;21;;;10000.0;-1852.0
-1;37200;RAINFOREST_RESIN;9996;1;9995;20;;;10004;1;10005;20;;;10000.0;-1852.0
-1;37200;KELP;2021;25;;;;;2024;21;;;;;2022.5;-1531.9453125
-1;37300;KELP;2022;4;2021;28;;;2024;1;2025;27;;;2023.0;-1519.1015625
-1;37300;RAINFOREST_RESIN;9996;1;9995;27;;;9998;10;10002;4;10004;1;9997.0;-1852.0
-1;37400;RAINFOREST_RESIN;10002;1;9998;2;9995;30;10005;30;;;;;10003.5;-1840.0
-1;37400;KELP;2021;30;;;;;2024;30;;;;;2022.5;-1523.3671875
-1;37500;KELP;2020;27;;;;;2024;27;;;;;2022.0;-1553.9765625
-1;37500;RAINFOREST_RESIN;9996;2;9995;25;;;10004;2;10005;25;;;10000.0;-1842.0
-1;37600;KELP;2020;22;;;;;2024;22;;;;;2022.0;-1560.125
-1;37600;RAINFOREST_RESIN;9995;22;;;;;10002;7;10005;22;;;9998.5;-1842.0
-1;37700;RAINFOREST_RESIN;9996;1;9995;23;;;10004;1;10005;23;;;10000.0;-1842.0
-1;37700;KELP;2020;24;;;;;2024;24;;;;;2022.0;-1558.359375
-1;37800;RAINFOREST_RESIN;9995;25;;;;;10005;25;;;;;10000.0;-1842.0
-1;37800;KELP;2020;24;;;;;2024;25;;;;;2022.0;-1562.6015625
-1;37900;KELP;2019;25;;;;;2023;25;;;;;2021.0;-1597.1953125
-1;37900;RAINFOREST_RESIN;9995;25;;;;;10005;25;;;;;10000.0;-1842.0
-1;38000;KELP;2019;32;;;;;2021;4;2023;32;;;2020.0;-1597.5703125
-1;38000;RAINFOREST_RESIN;10002;1;9996;2;9995;30;10004;2;10005;30;;;10003.0;-1842.0
-1;38100;RAINFOREST_RESIN;9996;2;9995;26;;;10002;2;10004;2;10005;26;9999.0;-1848.0
-1;38100;KELP;2019;28;;;;;2022;2;2023;26;;;2020.5;-1604.4375
-1;38200;RAINFOREST_RESIN;9996;1;9995;27;;;10004;1;10005;27;;;10000.0;-1848.0
-1;38200;KELP;2019;28;;;;;2023;28;;;;;2021.0;-1592.359375
-1;38300;KELP;2019;26;;;;;2022;26;;;;;2020.5;-1609.265625
-1;38300;RAINFOREST_RESIN;9998;5;9995;26;;;10005;26;;;;;10001.5;-1848.0
-1;38400;KELP;2019;24;;;;;2020;6;2022;24;;;2019.5;-1611.2890625
-1;38400;RAINFOREST_RESIN;9996;1;9995;23;;;10000;6;10004;1;10005;23;9998.0;-1848.0
-1;38500;RAINFOREST_RESIN;10002;1;9995;21;;;10005;21;;;;;10003.5;-1848.0
-1;38500;KELP;2019;21;;;;;2022;21;;;;;2020.5;-1616.1015625
-1;38600;RAINFOREST_RESIN;9996;2;9995;28;;;10004;2;10005;28;;;10000.0;-1871.0
-1;38600;KELP;2019;30;;;;;2022;30;;;;;2020.5;-1613.4609375
-1;38700;KELP;2019;20;;;;;2022;20;;;;;2020.5;-1611.2734375
-1;38700;RAINFOREST_RESIN;9995;20;;;;;10005;20;;;;;10000.0;-1871.0
-1;38800;KELP;2019;21;;;;;2020;2;2021;1;2022;21;2019.5;-1611.15625
-1;38800;RAINFOREST_RESIN;9996;1;9995;20;;;10002;1;10004;1;10005;20;9999.0;-1871.0
-1;38900;RAINFOREST_RESIN;9996;2;9995;30;;;10004;2;10005;30;;;10000.0;-1871.0
-1;38900;KELP;2019;32;;;;;2021;7;2022;2;2023;30;2020.0;-1604.0859375
-1;39000;RAINFOREST_RESIN;9995;23;;;;;10002;9;10005;23;;;9998.5;-1871.0
-1;39000;KELP;2019;23;;;;;2023;23;;;;;2021.0;-1594.2109375
-1;39100;KELP;2020;25;;;;;2023;25;;;;;2021.5;-1571.3359375
-1;39100;RAINFOREST_RESIN;9998;8;9996;1;9995;24;10004;1;10005;24;;;10001.0;-1871.0
-1;39200;KELP;2020;30;;;;;2022;2;2023;30;;;2021.0;-1566.0859375
-1;39200;RAINFOREST_RESIN;9996;1;9995;29;;;10004;1;10005;29;;;10000.0;-1871.0
-1;39300;RAINFOREST_RESIN;9995;27;;;;;10005;27;;;;;10000.0;-1871.0
-1;39300;KELP;2020;27;;;;;2023;27;;;;;2021.5;-1558.5859375
-1;39400;RAINFOREST_RESIN;9996;1;9995;30;;;10004;1;10005;30;;;10000.0;-1871.0
-1;39400;KELP;2020;31;;;;;2022;5;2023;31;;;2021.0;-1575.9453125
-1;39500;KELP;2019;27;;;;;2021;3;2022;27;;;2020.0;-1616.0859375
-1;39500;RAINFOREST_RESIN;9995;27;;;;;9998;1;10002;2;10005;27;9996.5;-1871.0
-1;39600;KELP;2021;4;2019;23;;;2023;23;;;;;2022.0;-1599.453125
-1;39600;RAINFOREST_RESIN;9995;23;;;;;10005;23;;;;;10000.0;-1873.0
-1;39700;RAINFOREST_RESIN;9996;2;9995;22;;;10004;2;10005;22;;;10000.0;-1873.0
-1;39700;KELP;2019;28;;;;;2022;2;2023;22;;;2020.5;-1603.7890625
-1;39800;RAINFOREST_RESIN;9996;1;9995;27;;;10004;1;10005;27;;;10000.0;-1873.0
-1;39800;KELP;2019;28;;;;;2022;1;2023;27;;;2020.5;-1604.109375
-1;39900;KELP;2019;31;;;;;2022;31;;;;;2020.5;-1617.75
-1;39900;RAINFOREST_RESIN;9996;1;9995;30;;;10002;4;10004;1;10005;30;9999.0;-1873.0
-1;40000;KELP;2018;22;;;;;2022;22;;;;;2020.0;-1634.6328125
-1;40000;RAINFOREST_RESIN;9995;22;;;;;10005;22;;;;;10000.0;-1873.0
-1;40100;RAINFOREST_RESIN;9996;2;9995;29;;;10002;8;10004;2;10005;29;9999.0;-1873.0
-1;40100;KELP;2019;31;;;;;2022;31;;;;;2020.5;-1618.484375
-1;40200;RAINFOREST_RESIN;9996;1;9995;28;;;10004;1;10005;28;;;10000.0;-1873.0
-1;40200;KELP;2019;1;2018;28;;;2022;29;;;;;2020.5;-1635.5
-1;40300;KELP;2019;22;;;;;2022;22;;;;;2020.5;-1628.578125
-1;40300;RAINFOREST_RESIN;9995;22;;;;;9998;1;10005;22;;;9996.5;-1873.0
-1;40400;KELP;2018;24;;;;;2022;24;;;;;2020.0;-1640.96875
-1;40400;RAINFOREST_RESIN;9996;1;9995;23;;;10004;1;10005;23;;;10000.0;-1981.0
-1;40500;RAINFOREST_RESIN;10002;1;9996;2;9995;27;10004;2;10005;27;;;10003.0;-1981.0
-1;40500;KELP;2019;1;2018;27;;;2022;29;;;;;2020.5;-1637.34375
-1;40600;RAINFOREST_RESIN;9996;2;9995;24;;;10004;2;10005;24;;;10000.0;-1987.0
-1;40600;KELP;2019;4;2018;26;;;2022;26;;;;;2020.5;-1644.125
-1;40700;KELP;2018;22;;;;;2021;22;;;;;2019.5;-1672.28125
-1;40700;RAINFOREST_RESIN;9998;7;9996;2;9995;20;10004;2;10005;20;;;10001.0;-1987.0
-1;40800;KELP;2018;27;;;;;2021;27;;;;;2019.5;-1660.6640625
-1;40800;RAINFOREST_RESIN;9995;27;;;;;10005;27;;;;;10000.0;-1987.0
-1;40900;RAINFOREST_RESIN;9998;10;9996;2;9995;26;10004;2;10005;26;;;10001.0;-1987.0
-1;40900;KELP;2017;28;;;;;2021;28;;;;;2019.0;-1690.25
-1;41000;RAINFOREST_RESIN;9995;21;;;;;10002;10;10005;21;;;9998.5;-1987.0
-1;41000;KELP;2018;20;;;;;2020;3;2021;21;;;2019.0;-1664.1796875
-1;41100;KELP;2018;24;;;;;2021;27;;;;;2019.5;-1666.5703125
-1;41100;RAINFOREST_RESIN;9995;27;;;;;10005;27;;;;;10000.0;-1987.0
-1;41200;KELP;2018;29;;;;;2021;29;;;;;2019.5;-1667.296875
-1;41200;RAINFOREST_RESIN;9995;29;;;;;10005;29;;;;;10000.0;-1987.0
-1;41300;RAINFOREST_RESIN;9998;2;9996;1;9995;24;10004;1;10005;24;;;10001.0;-1987.0
-1;41300;KELP;2017;25;;;;;2019;4;2021;25;;;2018.0;-1693.734375
-1;41400;RAINFOREST_RESIN;9998;5;9996;2;9995;23;10000;4;10004;2;10005;23;9999.0;-1987.0
-1;41400;KELP;2017;25;;;;;2018;4;2019;5;2020;25;2017.5;-1728.6328125
-1;41500;KELP;2017;22;;;;;2019;1;2021;22;;;2018.0;-1697.71875
-1;41500;RAINFOREST_RESIN;9998;8;9996;2;9995;20;10004;2;10005;20;;;10001.0;-1995.0
-1;41600;KELP;2017;23;;;;;2019;7;2020;1;2021;22;2018.0;-1701.25
-1;41600;RAINFOREST_RESIN;9996;1;9995;22;;;10004;1;10005;22;;;10000.0;-1995.0
-1;41700;RAINFOREST_RESIN;10000;5;9995;21;;;10005;21;;;;;10002.5;-1995.0
-1;41700;KELP;2019;4;2017;21;;;2021;21;;;;;2020.0;-1691.9609375
-1;41800;RAINFOREST_RESIN;9996;2;9995;22;;;10004;2;10005;22;;;10000.0;-1995.0
-1;41800;KELP;2018;24;;;;;2021;24;;;;;2019.5;-1724.5390625
-1;41900;KELP;2018;22;;;;;2020;1;2021;22;;;2019.0;-1723.27734375
-1;41900;RAINFOREST_RESIN;9996;1;9995;21;;;9998;4;10004;1;10005;21;9997.0;-1995.0
-1;42000;KELP;2018;31;;;;;2020;5;2021;32;;;2019.0;-1718.6953125
-1;42000;RAINFOREST_RESIN;9996;2;9995;30;;;10004;2;10005;30;;;10000.0;-1991.0
-1;42100;RAINFOREST_RESIN;9998;8;9996;2;9995;21;10004;2;10005;21;;;10001.0;-1991.0
-1;42100;KELP;2018;23;;;;;2021;2;2022;21;;;2019.5;-1715.47265625
-1;42200;RAINFOREST_RESIN;10002;1;9995;28;;;10005;28;;;;;10003.5;-1991.0
-1;42200;KELP;2018;28;;;;;2022;28;;;;;2020.0;-1714.33203125
-1;42300;KELP;2018;20;;;;;2019;7;2020;2;2022;20;2018.5;-1713.08203125
-1;42300;RAINFOREST_RESIN;9995;20;;;;;10005;20;;;;;10000.0;-2129.0
-1;42400;KELP;2019;30;;;;;2022;31;;;;;2020.5;-1694.8125
-1;42400;RAINFOREST_RESIN;9996;2;9995;29;;;10004;2;10005;29;;;10000.0;-2129.0
-1;42500;RAINFOREST_RESIN;9995;24;;;;;10002;3;10005;24;;;9998.5;-2129.0
-1;42500;KELP;2019;24;;;;;2022;24;;;;;2020.5;-1695.75
-1;42600;RAINFOREST_RESIN;9995;26;;;;;10005;26;;;;;10000.0;-2129.0
-1;42600;KELP;2019;26;;;;;2022;26;;;;;2020.5;-1692.390625
-1;42700;KELP;2018;26;;;;;2022;26;;;;;2020.0;-1703.453125
-1;42700;RAINFOREST_RESIN;9995;26;;;;;10005;26;;;;;10000.0;-2129.0
-1;42800;KELP;2019;30;;;;;2022;30;;;;;2020.5;-1695.1796875
-1;42800;RAINFOREST_RESIN;9995;30;;;;;10005;30;;;;;10000.0;-2129.0
-1;42900;RAINFOREST_RESIN;9995;25;;;;;10005;25;;;;;10000.0;-2129.0
-1;42900;KELP;2019;25;;;;;2022;25;;;;;2020.5;-1687.34375
-1;43000;RAINFOREST_RESIN;9995;23;;;;;10005;23;;;;;10000.0;-2129.0
-1;43000;KELP;2020;2;2019;23;;;2023;23;;;;;2021.5;-1670.78125
-1;43100;KELP;2020;21;;;;;2023;21;;;;;2021.5;-1658.6171875
-1;43100;RAINFOREST_RESIN;9995;21;;;;;10005;21;;;;;10000.0;-2129.0
-1;43200;KELP;2019;21;;;;;2023;21;;;;;2021.0;-1667.109375
-1;43200;RAINFOREST_RESIN;9996;1;9995;20;;;10004;1;10005;20;;;10000.0;-2129.0
-1;43300;RAINFOREST_RESIN;9996;1;9995;24;;;10004;1;10005;24;;;10000.0;-2129.0
-1;43300;KELP;2019;25;;;;;2021;2;2023;25;;;2020.0;-1667.3046875
-1;43400;RAINFOREST_RESIN;9996;2;9995;22;;;10004;2;10005;22;;;10000.0;-2129.0
-1;43400;KELP;2021;4;2020;24;;;2023;24;;;;;2022.0;-1662.4609375
-1;43500;KELP;2020;22;;;;;2022;7;2023;23;;;2021.0;-1660.03125
-1;43500;RAINFOREST_RESIN;9998;7;9995;23;;;10005;23;;;;;10001.5;-2129.0
-1;43600;KELP;2020;5;2019;21;;;2023;23;;;;;2021.5;-1664.328125
-1;43600;RAINFOREST_RESIN;9996;2;9995;21;;;10002;9;10004;2;10005;21;9999.0;-2129.0
-1;43700;KELP;2020;24;;;;;2023;24;;;;;2021.5;-1661.1796875
-1;43700;RAINFOREST_RESIN;9996;1;9995;23;;;10004;1;10005;23;;;10000.0;-2129.0
-1;43800;RAINFOREST_RESIN;9996;2;9995;26;;;10004;2;10005;26;;;10000.0;-2129.0
-1;43800;KELP;2020;35;;;;;2023;28;;;;;2021.5;-1656.0234375
-1;43900;KELP;2020;36;;;;;2023;30;;;;;2021.5;-1662.25
-1;43900;RAINFOREST_RESIN;10002;4;9998;2;9996;1;10004;1;10005;29;;;10003.0;-2129.0
-1;44000;RAINFOREST_RESIN;9996;2;9995;20;;;10004;2;10005;20;;;10000.0;-2121.0
-1;44000;KELP;2020;22;;;;;2022;3;2023;22;;;2021.0;-1655.546875
-1;44100;KELP;2019;24;;;;;2023;24;;;;;2021.0;-1672.2421875
-1;44100;RAINFOREST_RESIN;9995;24;;;;;9998;1;10002;2;10005;24;9996.5;-2121.0
-1;44200;RAINFOREST_RESIN;9995;21;;;;;10005;21;;;;;10000.0;-2123.0
-1;44200;KELP;2019;21;;;;;2023;21;;;;;2021.0;-1673.8828125
-1;44300;KELP;2019;27;;;;;2023;27;;;;;2021.0;-1671.5390625
-1;44300;RAINFOREST_RESIN;9995;27;;;;;10005;27;;;;;10000.0;-2123.0
-1;44400;RAINFOREST_RESIN;9998;7;9995;28;;;10005;28;;;;;10001.5;-2123.0
-1;44400;KELP;2018;28;;;;;2022;28;;;;;2020.0;-1699.3984375
-1;44500;KELP;2021;1;2019;2;2018;21;2022;21;;;;;2021.5;-1697.953125
-1;44500;RAINFOREST_RESIN;9995;21;;;;;10005;21;;;;;10000.0;-2123.0
-1;44600;RAINFOREST_RESIN;9996;1;9995;23;;;10004;1;10005;23;;;10000.0;-2123.0
-1;44600;KELP;2019;24;;;;;2022;24;;;;;2020.5;-1693.89453125
-1;44700;KELP;2019;29;;;;;2022;29;;;;;2020.5;-1695.33984375
-1;44700;RAINFOREST_RESIN;9995;29;;;;;10002;10;10005;29;;;9998.5;-2123.0
-1;44800;RAINFOREST_RESIN;9995;29;;;;;9998;1;10002;10;10005;29;9996.5;-2123.0
-1;44800;KELP;2018;29;;;;;2022;29;;;;;2020.0;-1701.5625
-1;44900;KELP;2019;1;2018;26;;;2022;26;;;;;2020.5;-1703.84375
-1;44900;RAINFOREST_RESIN;9996;1;9995;25;;;10004;1;10005;25;;;10000.0;-2141.0
-1;45000;RAINFOREST_RESIN;10002;1;9996;2;9995;24;10004;2;10005;24;;;10003.0;-2141.0
-1;45000;KELP;2018;26;;;;;2022;26;;;;;2020.0;-1703.234375
-1;45100;KELP;2019;27;;;;;2021;5;2022;27;;;2020.0;-1696.5
-1;45100;RAINFOREST_RESIN;9996;1;9995;26;;;10004;1;10005;26;;;10000.0;-2147.0
-1;45200;RAINFOREST_RESIN;9996;1;9995;28;;;10004;1;10005;28;;;10000.0;-2147.0
-1;45200;KELP;2019;29;;;;;2021;6;2022;29;;;2020.0;-1697.89453125
-1;45300;KELP;2018;26;;;;;2021;22;;;;;2019.5;-1713.453125
-1;45300;RAINFOREST_RESIN;9995;22;;;;;10005;22;;;;;10000.0;-2147.0
-1;45400;RAINFOREST_RESIN;9996;2;9995;21;;;9998;1;10004;2;10005;21;9997.0;-2147.0
-1;45400;KELP;2018;22;;;;;2020;2;2021;23;;;2019.0;-1722.78515625
-1;45500;KELP;2018;25;;;;;2019;3;2021;25;;;2018.5;-1720.09765625
-1;45500;RAINFOREST_RESIN;9996;1;9995;24;;;10000;3;10004;1;10005;24;9998.0;-2153.0
-1;45600;RAINFOREST_RESIN;9995;26;;;;;10002;5;10005;26;;;9998.5;-2153.0
-1;45600;KELP;2018;33;;;;;2021;26;;;;;2019.5;-1734.65625
-1;45700;KELP;2018;24;;;;;2021;24;;;;;2019.5;-1734.015625
-1;45700;RAINFOREST_RESIN;9995;24;;;;;10005;24;;;;;10000.0;-2153.0
-1;45800;RAINFOREST_RESIN;9996;1;9995;27;;;10004;1;10005;27;;;10000.0;-2153.0
-1;45800;KELP;2018;27;;;;;2021;28;;;;;2019.5;-1730.9375
-1;45900;KELP;2019;4;2018;31;;;2022;31;;;;;2020.5;-1717.75
-1;45900;RAINFOREST_RESIN;9996;1;9995;30;;;10004;1;10005;30;;;10000.0;-2153.0
-1;46000;RAINFOREST_RESIN;9996;2;9995;24;;;10004;2;10005;24;;;10000.0;-2153.0
-1;46000;KELP;2019;2;2018;24;;;2022;26;;;;;2020.5;-1706.3515625
-1;46100;KELP;2019;25;;;;;2022;25;;;;;2020.5;-1702.3515625
-1;46100;RAINFOREST_RESIN;9998;6;9996;2;9995;23;10004;2;10005;23;;;10001.0;-2153.0
-1;46200;RAINFOREST_RESIN;9998;2;9996;1;9995;27;10004;1;10005;27;;;10001.0;-2153.0
-1;46200;KELP;2018;28;;;;;2021;1;2022;27;;;2019.5;-1722.7421875
-1;46300;KELP;2018;29;;;;;2021;29;;;;;2019.5;-1734.34375
-1;46300;RAINFOREST_RESIN;9996;2;9995;27;;;10004;2;10005;27;;;10000.0;-2153.0
-1;46400;RAINFOREST_RESIN;9995;22;;;;;10005;22;;;;;10000.0;-2153.0
-1;46400;KELP;2018;22;;;;;2022;22;;;;;2020.0;-1723.921875
-1;46500;KELP;2019;6;2018;31;;;2021;31;;;;;2020.0;-1726.65625
-1;46500;RAINFOREST_RESIN;10000;6;9996;1;9995;30;10004;1;10005;30;;;10002.0;-2153.0
-1;46600;KELP;2019;3;2018;28;;;2021;1;2022;27;;;2020.0;-1722.3828125
-1;46600;RAINFOREST_RESIN;9998;10;9996;1;9995;27;10004;1;10005;27;;;10001.0;-2153.0
-1;46700;RAINFOREST_RESIN;9995;26;;;;;10005;26;;;;;10000.0;-2153.0
-1;46700;KELP;2019;26;;;;;2022;26;;;;;2020.5;-1704.1796875
-1;46800;RAINFOREST_RESIN;9996;1;9995;21;;;10004;1;10005;21;;;10000.0;-2153.0
-1;46800;KELP;2019;22;;;;;2022;22;;;;;2020.5;-1692.2734375
-1;46900;KELP;2021;1;2019;32;;;2022;32;;;;;2021.5;-1702.921875
-1;46900;RAINFOREST_RESIN;9996;2;9995;30;;;10004;2;10005;30;;;10000.0;-2153.0
-1;47000;KELP;2019;21;;;;;2022;21;;;;;2020.5;-1741.80078125
-1;47000;RAINFOREST_RESIN;9996;1;9995;20;;;10004;1;10005;20;;;10000.0;-2153.0
-1;47100;RAINFOREST_RESIN;9996;2;9995;24;;;9998;1;10004;2;10005;24;9997.0;-2153.0
-1;47100;KELP;2019;22;;;;;2022;26;;;;;2020.5;-1742.8984375
-1;47200;RAINFOREST_RESIN;10002;1;9996;2;9995;28;10004;2;10005;28;;;10003.0;-2159.0
-1;47200;KELP;2019;30;;;;;2022;30;;;;;2020.5;-1742.482421875
-1;47300;KELP;2019;25;;;;;2021;1;2022;25;;;2020.0;-1741.287109375
-1;47300;RAINFOREST_RESIN;10002;1;9998;3;9995;25;10005;25;;;;;10003.5;-2165.0
-1;47400;KELP;2019;25;;;;;2022;24;;;;;2020.5;-1738.359375
-1;47400;RAINFOREST_RESIN;9995;24;;;;;10002;9;10005;24;;;9998.5;-2169.0
-1;47500;RAINFOREST_RESIN;9995;30;;;;;10002;1;10005;30;;;9998.5;-2169.0
-1;47500;KELP;2019;30;;;;;2021;6;2022;30;;;2020.0;-1738.6953125
-1;47600;RAINFOREST_RESIN;9996;1;9995;27;;;10004;1;10005;27;;;10000.0;-2169.0
-1;47600;KELP;2019;28;;;;;2022;28;;;;;2020.5;-1736.099609375
-1;47700;KELP;2019;23;;;;;2022;23;;;;;2020.5;-1735.5
-1;47700;RAINFOREST_RESIN;9996;1;9995;22;;;10002;8;10004;1;10005;22;9999.0;-2169.0
-1;47800;KELP;2019;23;;;;;2022;1;2023;22;;;2020.5;-1734.728515625
-1;47800;RAINFOREST_RESIN;9996;1;9995;22;;;10002;8;10004;1;10005;22;9999.0;-2169.0
-1;47900;RAINFOREST_RESIN;10002;1;9995;27;;;10005;27;;;;;10003.5;-2169.0
-1;47900;KELP;2019;27;;;;;2023;27;;;;;2021.0;-1734.470703125
-1;48000;RAINFOREST_RESIN;9995;27;;;;;10005;27;;;;;10000.0;-2217.0
-1;48000;KELP;2019;27;;;;;2023;27;;;;;2021.0;-1734.75390625
-1;48100;KELP;2019;22;;;;;2022;21;;;;;2020.5;-1737.458984375
-1;48100;RAINFOREST_RESIN;9995;21;;;;;10002;9;10005;21;;;9998.5;-2217.0
-1;48200;KELP;2019;25;;;;;2022;25;;;;;2020.5;-1738.287109375
-1;48200;RAINFOREST_RESIN;9998;5;9995;25;;;10005;25;;;;;10001.5;-2217.0
-1;48300;RAINFOREST_RESIN;9996;1;9995;28;;;9998;1;10000;5;10004;1;9997.0;-2217.0
-1;48300;KELP;2018;29;;;;;2019;5;2022;29;;;2018.5;-1748.318359375
-1;48400;RAINFOREST_RESIN;9995;27;;;;;10002;7;10005;27;;;9998.5;-2215.0
-1;48400;KELP;2019;1;2018;27;;;2022;27;;;;;2020.5;-1797.7265625
-1;48500;KELP;2019;1;2018;29;;;2022;29;;;;;2020.5;-1800.2890625
-1;48500;RAINFOREST_RESIN;9995;29;;;;;9998;1;10005;29;;;9996.5;-2215.0
-1;48600;KELP;2019;1;2018;29;;;2022;29;;;;;2020.5;-1799.421875
-1;48600;RAINFOREST_RESIN;9996;1;9995;28;;;10004;1;10005;28;;;10000.0;-2358.0
-1;48700;RAINFOREST_RESIN;9996;1;9995;22;;;10004;1;10005;22;;;10000.0;-2358.0
-1;48700;KELP;2018;23;;;;;2022;23;;;;;2020.0;-1802.5625
-1;48800;RAINFOREST_RESIN;9996;1;9995;23;;;10004;1;10005;23;;;10000.0;-2358.0
-1;48800;KELP;2019;29;;;;;2022;24;;;;;2020.5;-1788.125
-1;48900;KELP;2019;34;;;;;2022;27;;;;;2020.5;-1782.5546875
-1;48900;RAINFOREST_RESIN;9995;27;;;;;10005;27;;;;;10000.0;-2358.0
-1;49000;KELP;2019;39;;;;;2022;32;;;;;2020.5;-1787.0
-1;49000;RAINFOREST_RESIN;9996;2;9995;30;;;10004;2;10005;30;;;10000.0;-2358.0
-1;49100;RAINFOREST_RESIN;9996;2;9995;30;;;10004;2;10005;30;;;10000.0;-2358.0
-1;49100;KELP;2019;40;;;;;2022;32;;;;;2020.5;-1773.390625
-1;49200;RAINFOREST_RESIN;9996;1;9995;20;;;10004;1;10005;20;;;10000.0;-2358.0
-1;49200;KELP;2019;21;;;;;2022;21;;;;;2020.5;-1784.3046875
-1;49300;KELP;2019;21;;;;;2022;22;;;;;2020.5;-1778.2265625
-1;49300;RAINFOREST_RESIN;9998;9;9996;1;9995;21;10004;1;10005;21;;;10001.0;-2358.0
-1;49400;KELP;2021;9;2020;5;2019;20;2022;20;;;;;2021.5;-1784.8828125
-1;49400;RAINFOREST_RESIN;9995;20;;;;;10005;20;;;;;10000.0;-2358.0
-1;49500;RAINFOREST_RESIN;9996;2;9995;30;;;10004;2;10005;30;;;10000.0;-2358.0
-1;49500;KELP;2019;40;;;;;2022;32;;;;;2020.5;-1773.78125
-1;49600;RAINFOREST_RESIN;9995;24;;;;;10005;24;;;;;10000.0;-2358.0
-1;49600;KELP;2021;1;2019;24;;;2022;24;;;;;2021.5;-1768.0078125
-1;49700;KELP;2019;28;;;;;2022;28;;;;;2020.5;-1807.921875
-1;49700;RAINFOREST_RESIN;9998;7;9996;2;9995;26;10004;2;10005;26;;;10001.0;-2358.0
-1;49800;KELP;2019;25;;;;;2020;5;2023;25;;;2019.5;-1803.3125
-1;49800;RAINFOREST_RESIN;9996;2;9995;23;;;10004;2;10005;23;;;10000.0;-2358.0
-1;49900;RAINFOREST_RESIN;9998;3;9995;23;;;10005;23;;;;;10001.5;-2358.0
-1;49900;KELP;2019;23;;;;;2023;23;;;;;2021.0;-1850.6953125
-1;50000;RAINFOREST_RESIN;9996;1;9995;20;;;10004;1;10005;20;;;10000.0;-2358.0
-1;50000;KELP;2019;21;;;;;2022;1;2023;20;;;2020.5;-1854.9609375
-1;50100;KELP;2019;24;;;;;2021;2;2022;24;;;2020.0;-1860.1171875
-1;50100;RAINFOREST_RESIN;9995;24;;;;;10005;24;;;;;10000.0;-2358.0
-1;50200;KELP;2019;24;;;;;2023;24;;;;;2021.0;-1848.0
-1;50200;RAINFOREST_RESIN;9995;24;;;;;10005;24;;;;;10000.0;-2358.0
-1;50300;RAINFOREST_RESIN;9995;30;;;;;10002;10;10005;30;;;9998.5;-2358.0
-1;50300;KELP;2019;30;;;;;2023;30;;;;;2021.0;-1844.28125
-1;50400;RAINFOREST_RESIN;9998;4;9996;1;9995;22;10000;2;10004;1;10005;22;9999.0;-2358.0
-1;50400;KELP;2019;23;;;;;2021;3;2023;23;;;2020.0;-1845.0390625
-1;50500;KELP;2019;25;;;;;2023;25;;;;;2021.0;-1846.40625
-1;50500;RAINFOREST_RESIN;9996;2;9995;23;;;10004;2;10005;23;;;10000.0;-2358.0
-1;50600;KELP;2019;21;;;;;2020;6;2023;23;;;2019.5;-1843.3046875
-1;50600;RAINFOREST_RESIN;10002;1;9996;2;9995;21;10004;2;10005;21;;;10003.0;-2358.0
-1;50700;RAINFOREST_RESIN;9996;2;9995;22;;;10004;2;10005;22;;;10000.0;-2364.0
-1;50700;KELP;2020;24;;;;;2023;24;;;;;2021.5;-1833.0859375
-1;50800;RAINFOREST_RESIN;10002;5;9996;2;9995;22;10004;2;10005;22;;;10003.0;-2364.0
-1;50800;KELP;2022;1;2020;24;;;2023;24;;;;;2022.5;-1826.640625
-1;50900;KELP;2020;28;;;;;2022;4;2023;28;;;2021.0;-1857.20703125
-1;50900;RAINFOREST_RESIN;9996;1;9995;27;;;10004;1;10005;27;;;10000.0;-2362.0
-1;51000;KELP;2020;28;;;;;2023;28;;;;;2021.5;-1859.0859375
-1;51000;RAINFOREST_RESIN;9996;2;9995;26;;;10004;2;10005;26;;;10000.0;-2362.0
-1;51100;RAINFOREST_RESIN;9998;6;9996;1;9995;25;10004;1;10005;25;;;10001.0;-2362.0
-1;51100;KELP;2020;26;;;;;2023;26;;;;;2021.5;-1855.0625
-1;51200;RAINFOREST_RESIN;9996;2;9995;28;;;10004;2;10005;28;;;10000.0;-2362.0
-1;51200;KELP;2020;30;;;;;2023;30;;;;;2021.5;-1857.64453125
-1;51300;KELP;2020;25;;;;;2023;25;;;;;2021.5;-1850.31640625
-1;51300;RAINFOREST_RESIN;9996;1;9995;24;;;10004;1;10005;24;;;10000.0;-2362.0
-1;51400;KELP;2020;30;;;;;2023;30;;;;;2021.5;-1854.55078125
-1;51400;RAINFOREST_RESIN;9995;30;;;;;10002;3;10005;30;;;9998.5;-2362.0
-1;51500;RAINFOREST_RESIN;9995;30;;;;;10005;30;;;;;10000.0;-2362.0
-1;51500;KELP;2022;1;2020;30;;;2023;30;;;;;2022.5;-1855.03515625
-1;51600;RAINFOREST_RESIN;10000;5;9996;2;9995;22;10002;1;10004;2;10005;22;10001.0;-2362.0
-1;51600;KELP;2021;5;2020;24;;;2023;24;;;;;2022.0;-1900.71484375
-1;51700;KELP;2020;16;;;;;2023;20;;;;;2021.5;-1899.1875
-1;51700;RAINFOREST_RESIN;9995;20;;;;;10005;20;;;;;10000.0;-2362.0
-1;51800;KELP;2020;1;2019;24;;;2023;25;;;;;2021.5;-1897.048828125
-1;51800;RAINFOREST_RESIN;9996;1;9995;24;;;10004;1;10005;24;;;10000.0;-2362.0
-1;51900;RAINFOREST_RESIN;9996;1;9995;23;;;10004;1;10005;23;;;10000.0;-2362.0
-1;51900;KELP;2021;4;2019;24;;;2023;24;;;;;2022.0;-1895.12109375
-1;52000;RAINFOREST_RESIN;9998;3;9995;29;;;10005;29;;;;;10001.5;-2362.0
-1;52000;KELP;2019;29;;;;;2021;6;2023;29;;;2020.0;-1896.228515625
-1;52100;KELP;2019;21;;;;;2023;21;;;;;2021.0;-1949.421875
-1;52100;RAINFOREST_RESIN;9995;21;;;;;10005;21;;;;;10000.0;-2362.0
-1;52200;KELP;2019;31;;;;;2023;31;;;;;2021.0;-1953.7109375
-1;52200;RAINFOREST_RESIN;9996;2;9995;29;;;10004;2;10005;29;;;10000.0;-2362.0
-1;52300;RAINFOREST_RESIN;10002;1;9996;1;9995;27;10004;1;10005;27;;;10003.0;-2362.0
-1;52300;KELP;2022;1;2019;28;;;2023;28;;;;;2022.5;-1951.23046875
-1;52400;RAINFOREST_RESIN;9998;3;9996;1;9995;29;10004;1;10005;29;;;10001.0;-2364.0
-1;52400;KELP;2020;30;;;;;2023;30;;;;;2021.5;-2010.0341796875
-1;52500;KELP;2022;1;2020;28;;;2023;28;;;;;2022.5;-2009.81494140625
-1;52500;RAINFOREST_RESIN;9996;1;9995;27;;;9998;1;10004;1;10005;27;9997.0;-2364.0
-1;52600;RAINFOREST_RESIN;9998;1;9996;1;9995;22;10000;4;10004;1;10005;22;9999.0;-2366.0
-1;52600;KELP;2020;1;2019;22;;;2021;4;2023;23;;;2020.5;-2038.734375
-1;52700;KELP;2019;26;;;;;2023;27;;;;;2021.0;-2080.755859375
-1;52700;RAINFOREST_RESIN;9996;2;9995;25;;;10004;2;10005;25;;;10000.0;-2370.0
-1;52800;RAINFOREST_RESIN;9995;26;;;;;10005;26;;;;;10000.0;-2370.0
-1;52800;KELP;2019;26;;;;;2023;26;;;;;2021.0;-2082.228515625
-1;52900;KELP;2020;30;;;;;2023;30;;;;;2021.5;-2082.4248046875
-1;52900;RAINFOREST_RESIN;9995;30;;;;;10005;30;;;;;10000.0;-2370.0
-1;53000;RAINFOREST_RESIN;10002;1;9996;1;9995;20;10004;1;10005;20;;;10003.0;-2370.0
-1;53000;KELP;2020;21;;;;;2023;21;;;;;2021.5;-2083.38671875
-1;53100;KELP;2019;24;;;;;2023;24;;;;;2021.0;-2081.2841796875
-1;53100;RAINFOREST_RESIN;9995;24;;;;;10005;24;;;;;10000.0;-2372.0
-1;53200;RAINFOREST_RESIN;9996;1;9995;30;;;10004;1;10005;30;;;10000.0;-2372.0
-1;53200;KELP;2022;1;2019;31;;;2023;31;;;;;2022.5;-2081.5498046875
-1;53300;KELP;2020;29;;;;;2023;29;;;;;2021.5;-2151.359375
-1;53300;RAINFOREST_RESIN;9995;29;;;;;10005;29;;;;;10000.0;-2372.0
-1;53400;RAINFOREST_RESIN;9998;6;9996;2;9995;23;10004;2;10005;23;;;10001.0;-2372.0
-1;53400;KELP;2020;25;;;;;2023;25;;;;;2021.5;-2159.828125
-1;53500;KELP;2020;23;;;;;2023;23;;;;;2021.5;-2155.375
-1;53500;RAINFOREST_RESIN;9996;2;9995;21;;;10002;1;10004;2;10005;21;9999.0;-2372.0
-1;53600;RAINFOREST_RESIN;9995;24;;;;;9998;9;10005;24;;;9996.5;-2372.0
-1;53600;KELP;2020;24;;;;;2023;24;;;;;2021.5;-2150.8515625
-1;53700;KELP;2019;30;;;;;2023;30;;;;;2021.0;-2146.4296875
-1;53700;RAINFOREST_RESIN;9998;1;9995;30;;;10005;30;;;;;10001.5;-2474.0
-1;53800;RAINFOREST_RESIN;10002;3;9995;30;;;10005;30;;;;;10003.5;-2474.0
-1;53800;KELP;2019;30;;;;;2023;30;;;;;2021.0;-2145.640625
-1;53900;KELP;2019;27;;;;;2023;27;;;;;2021.0;-2143.3515625
-1;53900;RAINFOREST_RESIN;9996;2;9995;25;;;10004;2;10005;25;;;10000.0;-2618.0
-1;54000;RAINFOREST_RESIN;9998;6;9996;1;9995;30;10004;1;10005;30;;;10001.0;-2618.0
-1;54000;KELP;2020;31;;;;;2022;1;2023;31;;;2021.0;-2156.921875
-1;54100;KELP;2020;24;;;;;2022;2;2023;24;;;2021.0;-2155.4140625
-1;54100;RAINFOREST_RESIN;9998;2;9996;2;9995;22;10004;2;10005;22;;;10001.0;-2618.0
-1;54200;RAINFOREST_RESIN;9995;28;;;;;10005;28;;;;;10000.0;-2618.0
-1;54200;KELP;2020;28;;;;;2023;28;;;;;2021.5;-2154.3515625
-1;54300;KELP;2022;1;2019;25;;;2023;25;;;;;2022.5;-2141.6953125
-1;54300;RAINFOREST_RESIN;9996;2;9995;23;;;10004;2;10005;23;;;10000.0;-2618.0
-1;54400;RAINFOREST_RESIN;9995;29;;;;;10005;29;;;;;10000.0;-2618.0
-1;54400;KELP;2019;29;;;;;2022;29;;;;;2020.5;-2143.96875
-1;54500;KELP;2019;21;;;;;2022;21;;;;;2020.5;-2139.5390625
-1;54500;RAINFOREST_RESIN;9996;1;9995;20;;;10004;1;10005;20;;;10000.0;-2618.0
-1;54600;RAINFOREST_RESIN;10002;3;9995;27;;;10005;27;;;;;10003.5;-2618.0
-1;54600;KELP;2019;27;;;;;2023;27;;;;;2021.0;-2145.5234375
-1;54700;KELP;2019;29;;;;;2020;4;2022;29;;;2019.5;-2143.765625
-1;54700;RAINFOREST_RESIN;9996;2;9995;27;;;10004;2;10005;27;;;10000.0;-2747.0
-1;54800;RAINFOREST_RESIN;9998;8;9995;27;;;10005;27;;;;;10001.5;-2747.0
-1;54800;KELP;2019;27;;;;;2021;1;2022;27;;;2020.0;-2176.38671875
-1;54900;KELP;2019;29;;;;;2022;29;;;;;2020.5;-2175.708984375
-1;54900;RAINFOREST_RESIN;9996;1;9995;28;;;10002;3;10004;1;10005;28;9999.0;-2747.0
-1;55000;RAINFOREST_RESIN;9996;2;9995;28;;;10002;8;10004;2;10005;28;9999.0;-2747.0
-1;55000;KELP;2019;36;;;;;2022;30;;;;;2020.5;-2172.80859375
-1;55100;KELP;2019;37;;;;;2022;29;;;;;2020.5;-2170.818359375
-1;55100;RAINFOREST_RESIN;9995;29;;;;;10005;29;;;;;10000.0;-2747.0
-1;55200;RAINFOREST_RESIN;9996;2;9995;21;;;10004;2;10005;21;;;10000.0;-2747.0
-1;55200;KELP;2018;21;;;;;2019;3;2020;8;2022;23;2018.5;-2169.0859375
-1;55300;RAINFOREST_RESIN;9996;2;9995;27;;;9998;1;10002;2;10004;2;9997.0;-2747.0
-1;55300;KELP;2018;29;;;;;2022;29;;;;;2020.0;-2164.137451171875
-1;55400;RAINFOREST_RESIN;9998;3;9996;1;9995;21;10004;1;10005;21;;;10001.0;-2749.0
-1;55400;KELP;2019;2;2018;22;;;2022;22;;;;;2020.5;-2164.198486328125
-1;55500;KELP;2021;1;2019;4;2018;25;2022;25;;;;;2021.5;-2164.34765625
-1;55500;RAINFOREST_RESIN;9995;25;;;;;10002;9;10005;25;;;9998.5;-2749.0
-1;55600;KELP;2019;3;2018;26;;;2022;26;;;;;2020.5;-2167.869140625
-1;55600;RAINFOREST_RESIN;9995;26;;;;;10005;26;;;;;10000.0;-2749.0
-1;55700;RAINFOREST_RESIN;9996;2;9995;21;;;10004;2;10005;21;;;10000.0;-2749.0
-1;55700;KELP;2019;25;;;;;2022;23;;;;;2020.5;-2168.5
-1;55800;RAINFOREST_RESIN;9998;6;9996;1;9995;26;10004;1;10005;26;;;10001.0;-2749.0
-1;55800;KELP;2018;27;;;;;2022;27;;;;;2020.0;-2167.71875
-1;55900;KELP;2018;22;;;;;2022;22;;;;;2020.0;-2166.41015625
-1;55900;RAINFOREST_RESIN;9995;22;;;;;10005;22;;;;;10000.0;-2749.0
-1;56000;KELP;2018;24;;;;;2019;3;2021;2;2022;22;2018.5;-2165.78125
-1;56000;RAINFOREST_RESIN;9996;2;9995;22;;;10002;10;10004;2;10005;22;9999.0;-2749.0
-1;56100;RAINFOREST_RESIN;9996;2;9995;20;;;10004;2;10005;20;;;10000.0;-2749.0
-1;56100;KELP;2019;22;;;;;2022;22;;;;;2020.5;-2166.660888671875
-1;56200;RAINFOREST_RESIN;9996;1;9995;29;;;10004;1;10005;29;;;10000.0;-2749.0
-1;56200;KELP;2020;2;2018;30;;;2022;30;;;;;2021.0;-2166.203857421875
-1;56300;KELP;2019;6;2018;27;;;2022;27;;;;;2020.5;-2166.1513671875
-1;56300;RAINFOREST_RESIN;10002;1;9996;2;9995;25;10004;2;10005;25;;;10003.0;-2749.0
-1;56400;KELP;2018;31;;;;;2022;31;;;;;2020.0;-2166.068603515625
-1;56400;RAINFOREST_RESIN;9996;1;9995;30;;;10004;1;10005;30;;;10000.0;-2747.0
-1;56500;RAINFOREST_RESIN;9996;2;9995;27;;;10004;2;10005;27;;;10000.0;-2747.0
-1;56500;KELP;2018;29;;;;;2022;29;;;;;2020.0;-2166.0107421875
-1;56600;RAINFOREST_RESIN;9996;2;9995;29;;;10002;4;10004;2;10005;29;9999.0;-2747.0
-1;56600;KELP;2019;2;2018;29;;;2022;31;;;;;2020.5;-2166.310302734375
-1;56700;KELP;2020;6;2018;26;;;2022;26;;;;;2021.0;-2165.9091796875
-1;56700;RAINFOREST_RESIN;9998;3;9996;2;9995;24;10000;2;10004;2;10005;24;9999.0;-2747.0
-1;56800;KELP;2018;24;;;;;2021;2;2022;22;;;2019.5;-2165.69970703125
-1;56800;RAINFOREST_RESIN;10002;1;9998;10;9996;2;10004;2;10005;22;;;10003.0;-2755.0
-1;56900;RAINFOREST_RESIN;9996;2;9995;20;;;10004;2;10005;20;;;10000.0;-2761.0
-1;56900;KELP;2018;24;;;;;2021;22;;;;;2019.5;-2165.22265625
-1;57000;RAINFOREST_RESIN;9996;1;9995;27;;;10004;1;10005;27;;;10000.0;-2761.0
-1;57000;KELP;2018;28;;;;;2020;8;2021;28;;;2019.0;-2164.557861328125
-1;57100;KELP;2017;27;;;;;2020;27;;;;;2018.5;-2163.498046875
-1;57100;RAINFOREST_RESIN;9996;2;9995;25;;;10004;2;10005;25;;;10000.0;-2761.0
-1;57200;KELP;2019;1;2017;27;;;2020;27;;;;;2019.5;-2163.185302734375
-1;57200;RAINFOREST_RESIN;10002;2;9996;1;9995;26;10004;1;10005;26;;;10003.0;-2761.0
-1;57300;RAINFOREST_RESIN;9996;1;9995;26;;;10002;9;10004;1;10005;26;9999.0;-2757.0
-1;57300;KELP;2017;27;;;;;2020;27;;;;;2018.5;-2163.389404296875
-1;57400;RAINFOREST_RESIN;9995;24;;;;;10005;24;;;;;10000.0;-2757.0
-1;57400;KELP;2017;24;;;;;2019;2;2020;24;;;2018.0;-2163.201416015625
-1;57500;KELP;2019;5;2017;30;;;2020;25;;;;;2019.5;-2163.234130859375
-1;57500;RAINFOREST_RESIN;9998;5;9996;2;9995;23;10004;2;10005;23;;;10001.0;-2757.0
-1;57600;KELP;2017;24;;;;;2020;24;;;;;2018.5;-2212.6484375
-1;57600;RAINFOREST_RESIN;9995;24;;;;;10005;24;;;;;10000.0;-2757.0
-1;57700;RAINFOREST_RESIN;9995;29;;;;;10005;29;;;;;10000.0;-2757.0
-1;57700;KELP;2017;29;;;;;2020;29;;;;;2018.5;-2212.0546875
-1;57800;RAINFOREST_RESIN;9998;1;9996;2;9995;29;10004;2;10005;29;;;10001.0;-2757.0
-1;57800;KELP;2017;31;;;;;2020;2;2021;29;;;2018.5;-2219.6796875
-1;57900;KELP;2017;27;;;;;2018;6;2019;5;2020;2;2017.5;-2217.03125
-1;57900;RAINFOREST_RESIN;9996;2;9995;25;;;9998;1;10000;6;10004;2;9997.0;-2757.0
-1;58000;KELP;2017;29;;;;;2020;1;2021;24;;;2018.5;-2212.7421875
-1;58000;RAINFOREST_RESIN;9996;1;9995;24;;;9998;4;10004;1;10005;24;9997.0;-2755.0
-1;58100;RAINFOREST_RESIN;9995;23;;;;;10005;23;;;;;10000.0;-2751.0
-1;58100;KELP;2017;23;;;;;2020;23;;;;;2018.5;-2204.74609375
-1;58200;RAINFOREST_RESIN;9996;1;9995;30;;;10004;1;10005;30;;;10000.0;-2751.0
-1;58200;KELP;2017;31;;;;;2020;31;;;;;2018.5;-2206.37109375
-1;58300;KELP;2017;29;;;;;2020;29;;;;;2018.5;-2205.11328125
-1;58300;RAINFOREST_RESIN;9995;29;;;;;10005;29;;;;;10000.0;-2751.0
-1;58400;KELP;2016;23;;;;;2018;1;2019;23;;;2017.0;-2176.625
-1;58400;RAINFOREST_RESIN;9996;2;9995;21;;;10004;2;10005;21;;;10000.0;-2751.0
-1;58500;RAINFOREST_RESIN;9995;21;;;;;10002;1;10005;21;;;9998.5;-2751.0
-1;58500;KELP;2016;21;;;;;2019;21;;;;;2017.5;-2213.4716796875
-1;58600;RAINFOREST_RESIN;10002;1;9995;25;;;10005;25;;;;;10003.5;-2751.0
-1;58600;KELP;2015;25;;;;;2017;7;2019;25;;;2016.0;-2212.95849609375
-1;58700;KELP;2015;34;;;;;2018;32;;;;;2016.5;-2271.6796875
-1;58700;RAINFOREST_RESIN;9996;2;9995;30;;;10004;2;10005;30;;;10000.0;-2794.0
-1;58800;KELP;2015;29;;;;;2019;29;;;;;2017.0;-2264.5234375
-1;58800;RAINFOREST_RESIN;9995;29;;;;;10002;1;10005;29;;;9998.5;-2794.0
-1;58900;RAINFOREST_RESIN;9996;1;9995;24;;;10004;1;10005;24;;;10000.0;-2794.0
-1;58900;KELP;2015;25;;;;;2019;25;;;;;2017.0;-2260.1640625
-1;59000;RAINFOREST_RESIN;9996;2;9995;20;;;10004;2;10005;20;;;10000.0;-2794.0
-1;59000;KELP;2016;22;;;;;2019;22;;;;;2017.5;-2251.69140625
-1;59100;KELP;2016;34;;;;;2019;27;;;;;2017.5;-2244.75390625
-1;59100;RAINFOREST_RESIN;9995;27;;;;;10005;27;;;;;10000.0;-2794.0
-1;59200;KELP;2016;31;;;;;2020;31;;;;;2018.0;-2230.8359375
-1;59200;RAINFOREST_RESIN;9998;4;9996;2;9995;29;10004;2;10005;29;;;10001.0;-2794.0
-1;59300;RAINFOREST_RESIN;9996;1;9995;26;;;10004;1;10005;26;;;10000.0;-2794.0
-1;59300;KELP;2016;26;;;;;2018;2;2019;27;;;2017.0;-2243.74609375
-1;59400;RAINFOREST_RESIN;9996;1;9995;21;;;10004;1;10005;21;;;10000.0;-2794.0
-1;59400;KELP;2015;22;;;;;2019;22;;;;;2017.0;-2260.484375
-1;59500;KELP;2015;23;;;;;2019;23;;;;;2017.0;-2257.6953125
-1;59500;RAINFOREST_RESIN;10002;5;9995;23;;;10005;23;;;;;10003.5;-2794.0
-1;59600;KELP;2016;29;;;;;2019;29;;;;;2017.5;-2254.19921875
-1;59600;RAINFOREST_RESIN;9996;2;9995;27;;;10004;2;10005;27;;;10000.0;-2786.0
-1;59700;RAINFOREST_RESIN;9995;21;;;;;10005;21;;;;;10000.0;-2786.0
-1;59700;KELP;2015;21;;;;;2018;21;;;;;2016.5;-2279.30859375
-1;59800;RAINFOREST_RESIN;9996;1;9995;24;;;10004;1;10005;24;;;10000.0;-2786.0
-1;59800;KELP;2015;25;;;;;2018;25;;;;;2016.5;-2275.83984375
-1;59900;KELP;2015;24;;;;;2018;24;;;;;2016.5;-2279.54296875
-1;59900;RAINFOREST_RESIN;9996;1;9995;23;;;10002;6;10004;1;10005;23;9999.0;-2786.0
-1;60000;KELP;2015;22;;;;;2018;22;;;;;2016.5;-2276.5078125
-1;60000;RAINFOREST_RESIN;9998;3;9995;22;;;10005;22;;;;;10001.5;-2786.0
-1;60100;RAINFOREST_RESIN;9996;2;9995;25;;;10004;2;10005;25;;;10000.0;-2786.0
-1;60100;KELP;2015;27;;;;;2018;27;;;;;2016.5;-2278.87890625
-1;60200;RAINFOREST_RESIN;9995;25;;;;;10005;25;;;;;10000.0;-2786.0
-1;60200;KELP;2016;3;2015;25;;;2018;25;;;;;2017.0;-2285.73828125
-1;60300;KELP;2015;28;;;;;2018;28;;;;;2016.5;-2286.6015625
-1;60300;RAINFOREST_RESIN;9996;1;9995;27;;;10004;1;10005;27;;;10000.0;-2786.0
-1;60400;KELP;2015;1;2014;20;;;2018;21;;;;;2016.5;-2289.40234375
-1;60400;RAINFOREST_RESIN;9996;1;9995;20;;;9998;1;10004;1;10005;20;9997.0;-2786.0
-1;60500;RAINFOREST_RESIN;9996;1;9995;23;;;10004;1;10005;23;;;10000.0;-2788.0
-1;60500;KELP;2015;24;;;;;2018;24;;;;;2016.5;-2273.671875
-1;60600;RAINFOREST_RESIN;9996;2;9995;22;;;10004;2;10005;22;;;10000.0;-2788.0
-1;60600;KELP;2015;26;;;;;2018;24;;;;;2016.5;-2274.53125
-1;60700;KELP;2015;22;;;;;2017;5;2018;22;;;2016.0;-2274.765625
-1;60700;RAINFOREST_RESIN;9995;22;;;;;10005;22;;;;;10000.0;-2788.0
-1;60800;KELP;2015;31;;;;;2018;32;;;;;2016.5;-2274.35546875
-1;60800;RAINFOREST_RESIN;10002;10;9996;2;9995;30;10004;2;10005;30;;;10003.0;-2788.0
-1;60900;RAINFOREST_RESIN;9996;2;9995;29;;;10004;2;10005;29;;;10000.0;-2784.0
-1;60900;KELP;2015;28;;;;;2017;4;2018;31;;;2016.0;-2281.44140625
-1;61000;RAINFOREST_RESIN;9995;28;;;;;10005;28;;;;;10000.0;-2784.0
-1;61000;KELP;2015;28;;;;;2018;28;;;;;2016.5;-2277.52734375
-1;61100;KELP;2015;29;;;;;2017;3;2018;29;;;2016.0;-2286.21875
-1;61100;RAINFOREST_RESIN;9995;29;;;;;10005;29;;;;;10000.0;-2784.0
-1;61200;KELP;2015;22;;;;;2016;2;2018;22;;;2015.5;-2278.83984375
-1;61200;RAINFOREST_RESIN;9998;9;9996;1;9995;21;10000;2;10004;1;10005;21;9999.0;-2784.0
-1;61300;RAINFOREST_RESIN;9996;1;9995;22;;;10004;1;10005;22;;;10000.0;-2784.0
-1;61300;KELP;2015;23;;;;;2018;23;;;;;2016.5;-2288.34375
-1;61400;RAINFOREST_RESIN;9996;1;9995;30;;;10004;1;10005;30;;;10000.0;-2784.0
-1;61400;KELP;2015;31;;;;;2018;1;2019;30;;;2016.5;-2283.6796875
-1;61500;KELP;2015;29;;;;;2018;29;;;;;2016.5;-2301.8984375
-1;61500;RAINFOREST_RESIN;9996;2;9995;27;;;10004;2;10005;27;;;10000.0;-2784.0
-1;61600;RAINFOREST_RESIN;9996;2;9995;28;;;10004;2;10005;28;;;10000.0;-2784.0
-1;61600;KELP;2015;30;;;;;2017;5;2018;30;;;2016.0;-2311.890625
-1;61700;KELP;2014;26;;;;;2016;7;2017;27;;;2015.0;-2345.2421875
-1;61700;RAINFOREST_RESIN;9996;1;9995;26;;;10004;1;10005;26;;;10000.0;-2784.0
-1;61800;RAINFOREST_RESIN;9995;20;;;;;10005;20;;;;;10000.0;-2784.0
-1;61800;KELP;2015;20;;;;;2018;20;;;;;2016.5;-2309.0625
-1;61900;KELP;2014;26;;;;;2017;26;;;;;2015.5;-2342.640625
-1;61900;RAINFOREST_RESIN;9995;26;;;;;9998;1;10005;26;;;9996.5;-2784.0
-1;62000;RAINFOREST_RESIN;9995;20;;;;;10005;20;;;;;10000.0;-2912.0
-1;62000;KELP;2016;1;2014;20;;;2017;20;;;;;2016.5;-2339.8359375
-1;62100;KELP;2014;25;;;;;2017;25;;;;;2015.5;-2370.9609375
-1;62100;RAINFOREST_RESIN;9996;2;9995;23;;;10004;2;10005;23;;;10000.0;-2912.0
-1;62200;RAINFOREST_RESIN;9995;25;;;;;10002;3;10005;25;;;9998.5;-2912.0
-1;62200;KELP;2014;25;;;;;2017;25;;;;;2015.5;-2374.890625
-1;62300;KELP;2014;22;;;;;2017;22;;;;;2015.5;-2371.890625
-1;62300;RAINFOREST_RESIN;9995;22;;;;;10005;22;;;;;10000.0;-2912.0
-1;62400;RAINFOREST_RESIN;9996;2;9995;23;;;10004;2;10005;23;;;10000.0;-2912.0
-1;62400;KELP;2014;25;;;;;2016;8;2018;25;;;2015.0;-2360.015625
-1;62500;KELP;2015;3;2014;23;;;2018;24;;;;;2016.5;-2359.2421875
-1;62500;RAINFOREST_RESIN;9996;1;9995;23;;;10004;1;10005;23;;;10000.0;-2912.0
-1;62600;RAINFOREST_RESIN;9995;29;;;;;10005;29;;;;;10000.0;-2912.0
-1;62600;KELP;2015;29;;;;;2018;29;;;;;2016.5;-2346.0546875
-1;62700;KELP;2015;26;;;;;2018;26;;;;;2016.5;-2347.20703125
-1;62700;RAINFOREST_RESIN;9996;2;9995;24;;;10004;2;10005;24;;;10000.0;-2912.0
-1;62800;RAINFOREST_RESIN;9995;26;;;;;10005;26;;;;;10000.0;-2912.0
-1;62800;KELP;2015;25;;;;;2017;1;2019;26;;;2016.0;-2336.63671875
-1;62900;KELP;2016;29;;;;;2018;1;2019;29;;;2017.0;-2321.2421875
-1;62900;RAINFOREST_RESIN;9996;2;9995;27;;;9998;4;10004;2;10005;27;9997.0;-2912.0
-1;63000;RAINFOREST_RESIN;9995;29;;;;;10005;29;;;;;10000.0;-2912.0
-1;63000;KELP;2016;29;;;;;2018;4;2019;29;;;2017.0;-2319.6484375
-1;63100;KELP;2016;25;;;;;2020;26;;;;;2018.0;-2306.40234375
-1;63100;RAINFOREST_RESIN;9996;2;9995;24;;;10004;2;10005;24;;;10000.0;-2912.0
-1;63200;RAINFOREST_RESIN;9995;28;;;;;10005;28;;;;;10000.0;-2912.0
-1;63200;KELP;2016;28;;;;;2020;28;;;;;2018.0;-2305.375
-1;63300;KELP;2016;32;;;;;2019;2;2020;30;;;2017.5;-2308.921875
-1;63300;RAINFOREST_RESIN;9996;2;9995;30;;;10004;2;10005;30;;;10000.0;-2912.0
-1;63400;RAINFOREST_RESIN;9996;2;9995;24;;;10004;2;10005;24;;;10000.0;-2912.0
-1;63400;KELP;2018;3;2016;26;;;2020;26;;;;;2019.0;-2307.16015625
-1;63500;KELP;2016;22;;;;;2019;20;;;;;2017.5;-2357.0
-1;63500;RAINFOREST_RESIN;9998;8;9995;20;;;10005;20;;;;;10001.5;-2912.0
-1;63600;RAINFOREST_RESIN;9995;21;;;;;10005;21;;;;;10000.0;-2912.0
-1;63600;KELP;2018;1;2016;21;;;2019;21;;;;;2018.5;-2357.0
-1;63700;KELP;2017;8;2016;30;;;2019;2;2020;28;;;2018.0;-2357.0
-1;63700;RAINFOREST_RESIN;9996;2;9995;28;;;10002;6;10004;2;10005;28;9999.0;-2912.0
-1;63800;RAINFOREST_RESIN;9996;1;9995;21;;;10004;1;10005;21;;;10000.0;-2912.0
-1;63800;KELP;2016;21;;;;;2018;7;2020;22;;;2017.0;-2357.0
-1;63900;KELP;2016;21;;;;;2018;6;2020;21;;;2017.0;-2357.0
-1;63900;RAINFOREST_RESIN;9995;21;;;;;10005;21;;;;;10000.0;-2912.0
-1;64000;RAINFOREST_RESIN;9998;6;9995;30;;;10005;30;;;;;10001.5;-2912.0
-1;64000;KELP;2016;30;;;;;2019;30;;;;;2017.5;-2357.0
-1;64100;KELP;2016;27;;;;;2019;27;;;;;2017.5;-2357.0
-1;64100;RAINFOREST_RESIN;9995;27;;;;;10002;6;10005;27;;;9998.5;-2912.0
-1;64200;KELP;2015;25;;;;;2018;25;;;;;2016.5;-2357.0
-1;64200;RAINFOREST_RESIN;9996;1;9995;24;;;10004;1;10005;24;;;10000.0;-2912.0
-1;64300;RAINFOREST_RESIN;9998;7;9996;1;9995;22;10004;1;10005;22;;;10001.0;-2912.0
-1;64300;KELP;2015;23;;;;;2018;23;;;;;2016.5;-2357.0
-1;64400;RAINFOREST_RESIN;9998;8;9996;2;9995;27;10004;2;10005;27;;;10001.0;-2912.0
-1;64400;KELP;2015;31;;;;;2018;29;;;;;2016.5;-2357.0
-1;64500;KELP;2015;29;;;;;2017;6;2018;29;;;2016.0;-2357.0
-1;64500;RAINFOREST_RESIN;9998;5;9996;2;9995;27;10004;2;10005;27;;;10001.0;-2912.0
-1;64600;KELP;2015;26;;;;;2018;26;;;;;2016.5;-2357.0
-1;64600;RAINFOREST_RESIN;9995;26;;;;;10005;26;;;;;10000.0;-2912.0
-1;64700;RAINFOREST_RESIN;9995;28;;;;;10005;28;;;;;10000.0;-2912.0
-1;64700;KELP;2015;28;;;;;2018;28;;;;;2016.5;-2357.0
-1;64800;RAINFOREST_RESIN;9996;2;9995;30;;;10004;2;10005;30;;;10000.0;-2912.0
-1;64800;KELP;2015;2;2014;30;;;2018;32;;;;;2016.5;-2357.0
-1;64900;KELP;2015;31;;;;;2017;3;2018;31;;;2016.0;-2357.0
-1;64900;RAINFOREST_RESIN;9996;2;9995;29;;;10004;2;10005;29;;;10000.0;-2912.0
-1;65000;KELP;2015;25;;;;;2018;25;;;;;2016.5;-2357.0
-1;65000;RAINFOREST_RESIN;9995;25;;;;;9998;1;10005;25;;;9996.5;-2912.0
-1;65100;RAINFOREST_RESIN;9996;2;9995;23;;;10004;2;10005;23;;;10000.0;-3035.0
-1;65100;KELP;2015;25;;;;;2018;25;;;;;2016.5;-2357.0
-1;65200;RAINFOREST_RESIN;9998;8;9995;29;;;10005;29;;;;;10001.5;-3035.0
-1;65200;KELP;2017;1;2015;29;;;2019;29;;;;;2018.0;-2357.0
-1;65300;KELP;2015;21;;;;;2017;2;2018;21;;;2016.0;-2403.45703125
-1;65300;RAINFOREST_RESIN;9995;21;;;;;10002;3;10005;21;;;9998.5;-3035.0
-1;65400;KELP;2015;28;;;;;2016;3;2018;28;;;2015.5;-2406.4765625
-1;65400;RAINFOREST_RESIN;9996;2;9995;26;;;10000;3;10004;2;10005;26;9998.0;-3035.0
-1;65500;RAINFOREST_RESIN;9996;2;9995;27;;;10004;2;10005;27;;;10000.0;-3035.0
-1;65500;KELP;2015;36;;;;;2018;29;;;;;2016.5;-2440.490234375
-1;65600;RAINFOREST_RESIN;9998;5;9995;20;;;10005;20;;;;;10001.5;-3035.0
-1;65600;KELP;2015;20;;;;;2019;20;;;;;2017.0;-2440.1689453125
-1;65700;KELP;2014;29;;;;;2018;29;;;;;2016.0;-2440.843994140625
-1;65700;RAINFOREST_RESIN;9995;29;;;;;10005;29;;;;;10000.0;-3035.0
-1;65800;KELP;2015;20;;;;;2017;7;2018;20;;;2016.0;-2440.7509765625
-1;65800;RAINFOREST_RESIN;9998;9;9995;20;;;10005;20;;;;;10001.5;-3035.0
-1;65900;RAINFOREST_RESIN;9996;1;9995;23;;;10004;1;10005;23;;;10000.0;-3035.0
-1;65900;KELP;2015;29;;;;;2018;24;;;;;2016.5;-2440.554443359375
-1;66000;RAINFOREST_RESIN;9998;4;9996;2;9995;22;10004;2;10005;22;;;10001.0;-3035.0
-1;66000;KELP;2015;24;;;;;2018;24;;;;;2016.5;-2440.533203125
-1;66100;KELP;2015;27;;;;;2018;27;;;;;2016.5;-2440.422119140625
-1;66100;RAINFOREST_RESIN;9996;1;9995;26;;;9998;1;10004;1;10005;26;9997.0;-3035.0
-1;66200;KELP;2016;5;2015;20;;;2019;20;;;;;2017.5;-2440.01318359375
-1;66200;RAINFOREST_RESIN;10002;1;10000;5;9995;20;10005;20;;;;;10003.5;-3037.0
-1;66300;RAINFOREST_RESIN;9996;1;9995;24;;;10004;1;10005;24;;;10000.0;-3035.0
-1;66300;KELP;2018;1;2016;2;2015;25;2019;25;;;;;2018.5;-2439.922119140625
-1;66400;RAINFOREST_RESIN;9995;21;;;;;9998;3;10005;21;;;9996.5;-3035.0
-1;66400;KELP;2015;21;;;;;2019;21;;;;;2017.0;-2441.3349609375
-1;66500;KELP;2015;22;;;;;2019;22;;;;;2017.0;-2441.213134765625
-1;66500;RAINFOREST_RESIN;9996;2;9995;20;;;10004;2;10005;20;;;10000.0;-3134.0
-1;66600;KELP;2015;22;;;;;2017;3;2019;22;;;2016.0;-2440.748779296875
-1;66600;RAINFOREST_RESIN;9995;22;;;;;10005;22;;;;;10000.0;-3134.0
-1;66700;RAINFOREST_RESIN;9998;9;9995;27;;;10005;27;;;;;10001.5;-3134.0
-1;66700;KELP;2014;27;;;;;2018;27;;;;;2016.0;-2508.3046875
-1;66800;RAINFOREST_RESIN;9995;30;;;;;10005;30;;;;;10000.0;-3134.0
-1;66800;KELP;2014;30;;;;;2018;30;;;;;2016.0;-2506.0390625
-1;66900;KELP;2017;1;2015;4;2014;23;2018;23;;;;;2017.5;-2504.87890625
-1;66900;RAINFOREST_RESIN;9998;4;9995;23;;;10005;23;;;;;10001.5;-3134.0
-1;67000;KELP;2015;25;;;;;2018;25;;;;;2016.5;-2505.4375
-1;67000;RAINFOREST_RESIN;9996;1;9995;24;;;10004;1;10005;24;;;10000.0;-3134.0
-1;67100;RAINFOREST_RESIN;9995;23;;;;;10005;23;;;;;10000.0;-3134.0
-1;67100;KELP;2015;23;;;;;2018;23;;;;;2016.5;-2506.72265625
-1;67200;RAINFOREST_RESIN;9996;2;9995;20;;;10002;3;10004;2;10005;20;9999.0;-3134.0
-1;67200;KELP;2015;21;;;;;2018;22;;;;;2016.5;-2503.1875
-1;67300;KELP;2015;31;;;;;2018;30;;;;;2016.5;-2502.24609375
-1;67300;RAINFOREST_RESIN;9995;30;;;;;9998;3;10005;30;;;9996.5;-3134.0
-1;67400;KELP;2015;26;;;;;2018;26;;;;;2016.5;-2496.9609375
-1;67400;RAINFOREST_RESIN;9998;4;9996;1;9995;25;10004;1;10005;25;;;10001.0;-3208.0
-1;67500;RAINFOREST_RESIN;9995;21;;;;;10005;21;;;;;10000.0;-3208.0
-1;67500;KELP;2015;20;;;;;2018;21;;;;;2016.5;-2498.40625
-1;67600;RAINFOREST_RESIN;9996;2;9995;25;;;10004;2;10005;25;;;10000.0;-3208.0
-1;67600;KELP;2015;27;;;;;2018;27;;;;;2016.5;-2499.34375
-1;67700;KELP;2015;33;;;;;2018;30;;;;;2016.5;-2497.88671875
-1;67700;RAINFOREST_RESIN;9996;1;9995;29;;;10004;1;10005;29;;;10000.0;-3208.0
-1;67800;KELP;2015;38;;;;;2018;30;;;;;2016.5;-2504.18359375
-1;67800;RAINFOREST_RESIN;9998;3;9995;30;;;10005;30;;;;;10001.5;-3208.0
-1;67900;RAINFOREST_RESIN;9995;25;;;;;10005;25;;;;;10000.0;-3208.0
-1;67900;KELP;2015;25;;;;;2018;25;;;;;2016.5;-2498.55078125
-1;68000;RAINFOREST_RESIN;9996;2;9995;21;;;10004;2;10005;21;;;10000.0;-3208.0
-1;68000;KELP;2015;23;;;;;2018;23;;;;;2016.5;-2497.8125
-1;68100;KELP;2015;31;;;;;2017;4;2018;31;;;2016.0;-2506.61328125
-1;68100;RAINFOREST_RESIN;9996;2;9995;29;;;10004;2;10005;29;;;10000.0;-3208.0
-1;68200;KELP;2017;1;2015;31;;;2018;31;;;;;2017.5;-2502.4375
-1;68200;RAINFOREST_RESIN;9996;2;9995;29;;;10004;2;10005;29;;;10000.0;-3208.0
-1;68300;RAINFOREST_RESIN;9996;1;9995;28;;;10004;1;10005;28;;;10000.0;-3208.0
-1;68300;KELP;2017;1;2015;29;;;2018;29;;;;;2017.5;-2546.046875
-1;68400;RAINFOREST_RESIN;9996;2;9995;26;;;10004;2;10005;26;;;10000.0;-3208.0
-1;68400;KELP;2015;28;;;;;2018;28;;;;;2016.5;-2591.5546875
-1;68500;KELP;2015;23;;;;;2018;23;;;;;2016.5;-2595.3125
-1;68500;RAINFOREST_RESIN;9995;23;;;;;10002;5;10005;23;;;9998.5;-3208.0
-1;68600;KELP;2015;24;;;;;2018;25;;;;;2016.5;-2593.734375
-1;68600;RAINFOREST_RESIN;9996;1;9995;24;;;10004;1;10005;24;;;10000.0;-3208.0
-1;68700;RAINFOREST_RESIN;9996;1;9995;27;;;10004;1;10005;27;;;10000.0;-3208.0
-1;68700;KELP;2015;28;;;;;2018;28;;;;;2016.5;-2601.1875
-1;68800;RAINFOREST_RESIN;9995;22;;;;;9998;1;10005;22;;;9996.5;-3208.0
-1;68800;KELP;2015;22;;;;;2018;22;;;;;2016.5;-2595.7578125
-1;68900;KELP;2017;1;2015;28;;;2018;28;;;;;2017.5;-2578.2890625
-1;68900;RAINFOREST_RESIN;9996;1;9995;27;;;10004;1;10005;27;;;10000.0;-3206.0
-1;69000;KELP;2015;30;;;;;2018;30;;;;;2016.5;-2597.28125
-1;69000;RAINFOREST_RESIN;9996;2;9995;28;;;10004;2;10005;28;;;10000.0;-3206.0
-1;69100;RAINFOREST_RESIN;9998;9;9996;1;9995;30;10004;1;10005;30;;;10001.0;-3206.0
-1;69100;KELP;2015;30;;;;;2018;31;;;;;2016.5;-2588.5703125
-1;69200;RAINFOREST_RESIN;9996;2;9995;28;;;10004;2;10005;28;;;10000.0;-3206.0
-1;69200;KELP;2017;3;2015;30;;;2018;30;;;;;2017.5;-2586.8046875
-1;69300;KELP;2017;1;2015;21;;;2018;21;;;;;2017.5;-2582.5625
-1;69300;RAINFOREST_RESIN;9995;21;;;;;9998;1;10005;21;;;9996.5;-3206.0
-1;69400;KELP;2015;26;;;;;2018;26;;;;;2016.5;-2584.5
-1;69400;RAINFOREST_RESIN;10002;1;9998;2;9996;1;10004;1;10005;25;;;10003.0;-3204.0
-1;69500;RAINFOREST_RESIN;9998;1;9996;2;9995;24;10004;2;10005;24;;;10001.0;-3206.0
-1;69500;KELP;2015;32;;;;;2018;26;;;;;2016.5;-2586.390625
-1;69600;RAINFOREST_RESIN;9995;23;;;;;10005;23;;;;;10000.0;-3206.0
-1;69600;KELP;2015;22;;;;;2018;23;;;;;2016.5;-2585.890625
-1;69700;KELP;2015;21;;;;;2018;21;;;;;2016.5;-2585.9375
-1;69700;RAINFOREST_RESIN;10002;1;9996;1;9995;20;10004;1;10005;20;;;10003.0;-3206.0
-1;69800;KELP;2015;24;;;;;2018;24;;;;;2016.5;-2598.40625
-1;69800;RAINFOREST_RESIN;9996;1;9995;23;;;10004;1;10005;23;;;10000.0;-3208.0
-1;69900;RAINFOREST_RESIN;9996;2;9995;27;;;10004;2;10005;27;;;10000.0;-3208.0
-1;69900;KELP;2015;29;;;;;2018;29;;;;;2016.5;-2596.8671875
-1;70000;RAINFOREST_RESIN;9996;2;9995;27;;;10004;2;10005;27;;;10000.0;-3208.0
-1;70000;KELP;2015;29;;;;;2018;29;;;;;2016.5;-2590.4296875
-1;70100;KELP;2015;23;;;;;2018;2;2019;22;;;2016.5;-2606.140625
-1;70100;RAINFOREST_RESIN;9996;2;9995;22;;;10004;2;10005;22;;;10000.0;-3208.0
-1;70200;KELP;2015;22;;;;;2018;22;;;;;2016.5;-2596.53125
-1;70200;RAINFOREST_RESIN;9996;1;9995;21;;;10004;1;10005;21;;;10000.0;-3208.0
-1;70300;RAINFOREST_RESIN;9996;1;9995;25;;;9998;2;10004;1;10005;25;9997.0;-3208.0
-1;70300;KELP;2015;26;;;;;2018;26;;;;;2016.5;-2583.6328125
-1;70400;RAINFOREST_RESIN;9995;26;;;;;10005;26;;;;;10000.0;-3204.0
-1;70400;KELP;2015;26;;;;;2017;6;2018;26;;;2016.0;-2575.984375
-1;70500;KELP;2015;23;;;;;2016;3;2017;3;2018;23;2015.5;-2585.796875
-1;70500;RAINFOREST_RESIN;9995;23;;;;;10000;3;10005;23;;;9997.5;-3204.0
-1;70600;RAINFOREST_RESIN;9996;1;9995;27;;;10004;1;10005;27;;;10000.0;-3204.0
-1;70600;KELP;2015;34;;;;;2018;28;;;;;2016.5;-2600.046875
-1;70700;KELP;2015;26;;;;;2018;26;;;;;2016.5;-2583.3046875
-1;70700;RAINFOREST_RESIN;9995;26;;;;;10005;26;;;;;10000.0;-3204.0
-1;70800;RAINFOREST_RESIN;10002;1;9995;27;;;10005;27;;;;;10003.5;-3204.0
-1;70800;KELP;2015;26;;;;;2018;27;;;;;2016.5;-2589.15625
-1;70900;KELP;2015;32;;;;;2018;32;;;;;2016.5;-2590.0390625
-1;70900;RAINFOREST_RESIN;9996;2;9995;30;;;10004;2;10005;30;;;10000.0;-3337.0
-1;71000;RAINFOREST_RESIN;9996;1;9995;29;;;10002;5;10004;1;10005;29;9999.0;-3337.0
-1;71000;KELP;2015;30;;;;;2018;30;;;;;2016.5;-2588.3125
-1;71100;KELP;2015;22;;;;;2018;22;;;;;2016.5;-2589.5546875
-1;71100;RAINFOREST_RESIN;9998;9;9996;1;9995;21;10004;1;10005;21;;;10001.0;-3337.0
-1;71200;RAINFOREST_RESIN;10002;1;9996;1;9995;28;10004;1;10005;28;;;10003.0;-3337.0
-1;71200;KELP;2015;28;;;;;2018;29;;;;;2016.5;-2588.1953125
-1;71300;KELP;2015;28;;;;;2017;4;2018;28;;;2016.0;-2581.1796875
-1;71300;RAINFOREST_RESIN;9996;2;9995;26;;;10002;4;10004;2;10005;26;9999.0;-3339.0
-1;71400;RAINFOREST_RESIN;9996;2;9995;24;;;10002;3;10004;2;10005;24;9999.0;-3339.0
-1;71400;KELP;2015;26;;;;;2018;26;;;;;2016.5;-2578.96875
-1;71500;KELP;2015;25;;;;;2018;28;;;;;2016.5;-2592.671875
-1;71500;RAINFOREST_RESIN;10002;1;9996;2;9995;26;10004;2;10005;26;;;10003.0;-3339.0
-1;71600;RAINFOREST_RESIN;9996;1;9995;27;;;9998;3;10004;1;10005;27;9997.0;-3345.0
-1;71600;KELP;2014;28;;;;;2018;28;;;;;2016.0;-2568.1640625
-1;71700;KELP;2014;31;;;;;2016;4;2018;31;;;2015.0;-2569.0234375
-1;71700;RAINFOREST_RESIN;9996;2;9995;29;;;10004;2;10005;29;;;10000.0;-3343.0
-1;71800;RAINFOREST_RESIN;10002;1;9996;2;9995;25;10004;2;10005;25;;;10003.0;-3343.0
-1;71800;KELP;2014;27;;;;;2018;27;;;;;2016.0;-2569.421875
-1;71900;KELP;2014;26;;;;;2018;26;;;;;2016.0;-2563.765625
-1;71900;RAINFOREST_RESIN;10002;1;9996;1;9995;25;10004;1;10005;25;;;10003.0;-3349.0
-1;72000;RAINFOREST_RESIN;9996;1;9995;20;;;10004;1;10005;20;;;10000.0;-3351.0
-1;72000;KELP;2015;21;;;;;2017;6;2018;21;;;2016.0;-2588.125
-1;72100;KELP;2014;21;;;;;2016;5;2018;21;;;2015.0;-2570.6484375
-1;72100;RAINFOREST_RESIN;9995;21;;;;;10005;21;;;;;10000.0;-3351.0
-1;72200;RAINFOREST_RESIN;9996;2;9995;29;;;10004;2;10005;29;;;10000.0;-3351.0
-1;72200;KELP;2016;3;2014;31;;;2018;31;;;;;2017.0;-2564.015625
-1;72300;KELP;2014;23;;;;;2018;23;;;;;2016.0;-2571.4375
-1;72300;RAINFOREST_RESIN;9996;1;9995;22;;;10002;8;10004;1;10005;22;9999.0;-3351.0
-1;72400;RAINFOREST_RESIN;10002;1;9996;2;9995;20;10004;2;10005;20;;;10003.0;-3351.0
-1;72400;KELP;2014;22;;;;;2016;6;2018;22;;;2015.0;-2566.03125
-1;72500;KELP;2014;34;;;;;2017;27;;;;;2015.5;-2552.1328125
-1;72500;RAINFOREST_RESIN;9996;2;9995;25;;;10004;2;10005;25;;;10000.0;-3357.0
-1;72600;RAINFOREST_RESIN;9996;2;9995;27;;;10004;2;10005;27;;;10000.0;-3357.0
-1;72600;KELP;2014;35;;;;;2015;4;2017;29;;;2014.5;-2556.984375
-1;72700;KELP;2014;23;;;;;2017;23;;;;;2015.5;-2589.806640625
-1;72700;RAINFOREST_RESIN;9995;23;;;;;10005;23;;;;;10000.0;-3357.0
-1;72800;RAINFOREST_RESIN;9995;20;;;;;10005;20;;;;;10000.0;-3357.0
-1;72800;KELP;2014;20;;;;;2017;20;;;;;2015.5;-2590.076171875
-1;72900;KELP;2014;24;;;;;2017;24;;;;;2015.5;-2589.74609375
-1;72900;RAINFOREST_RESIN;9998;1;9996;2;9995;22;10004;2;10005;22;;;10001.0;-3357.0
