timestamp,buyer,seller,symbol,currency,price,quantity
0,,,CROISSANTS,SEASHELLS,4274,8
100,,SUBMISSION,PICNIC_BASKET2,SEASHELLS,30257,3
100,SUBMISSION,,RAINFOREST_RESIN,SEASHELLS,9998,1
200,,SUBMISSION,KELP,SEASHELLS,2034,1
200,SUBMISSION,,RAINFOREST_RESIN,SEASHELLS,9998,1
200,SUBMISSION,,SQUID_INK,SEASHELLS,1835,30
200,SUBMISSION,,SQUID_INK,SEASHELLS,1835,2
200,,,CROISSANTS,SEASHELLS,4276,8
200,,,JAMS,SEASHELLS,6543,7
200,,,SQUID_INK,SEASHELLS,1834,1
300,,,KELP,SEASHELLS,2032,1
300,,,SQUID_INK,SEASHELLS,1834,1
400,SUBMISSION,,CROISSANTS,SEASHELLS,4275,55
400,,SUBMISSION,DJEMBES,SEASHELLS,13410,30
400,SUBMISSION,,PICNIC_BASKET1,SEASHELLS,58709,16
500,SUBMISSION,,CROISSANTS,SEASHELLS,4275,39
500,,SUBMISSION,DJEMBES,SEASHELLS,13410,20
500,SUBMISSION,,PICNIC_BASKET1,SEASHELLS,58708,20
500,SUBMISSION,,PICNIC_BASKET1,SEASHELLS,58708,14
500,,,KELP,SEASHELLS,2035,2
500,,,RAINFOREST_RESIN,SEASHELLS,10005,2
500,,,SQUID_INK,SEASHELLS,1837,2
600,,SUBMISSION,DJEMBES,SEASHELLS,13410,10
600,SUBMISSION,,PICNIC_BASKET1,SEASHELLS,58705,10
600,SUBMISSION,,SQUID_INK,SEASHELLS,1834,2
600,,,CROISSANTS,SEASHELLS,4276,5
700,SUBMISSION,,PICNIC_BASKET2,SEASHELLS,30256,12
700,SUBMISSION,,RAINFOREST_RESIN,SEASHELLS,9998,9
700,,,JAMS,SEASHELLS,6542,3
800,SUBMISSION,,PICNIC_BASKET2,SEASHELLS,30256,1
800,,SUBMISSION,SQUID_INK,SEASHELLS,1836,27
800,,SUBMISSION,SQUID_INK,SEASHELLS,1836,1
900,SUBMISSION,,PICNIC_BASKET2,SEASHELLS,30255,24
900,SUBMISSION,,PICNIC_BASKET2,SEASHELLS,30255,14
900,,SUBMISSION,SQUID_INK,SEASHELLS,1840,21
900,,,KELP,SEASHELLS,2031,8
1000,,SUBMISSION,JAMS,SEASHELLS,6543,65
1000,,SUBMISSION,JAMS,SEASHELLS,6543,200
1000,,SUBMISSION,RAINFOREST_RESIN,SEASHELLS,10002,2
1000,,SUBMISSION,SQUID_INK,SEASHELLS,1841,28
1000,,SUBMISSION,SQUID_INK,SEASHELLS,1841,2
1000,,,JAMS,SEASHELLS,6545,4
1000,,,RAINFOREST_RESIN,SEASHELLS,10002,1
1100,,SUBMISSION,SQUID_INK,SEASHELLS,1840,5
1200,,,JAMS,SEASHELLS,6542,9
1200,,,KELP,SEASHELLS,2032,1
1200,,,SQUID_INK,SEASHELLS,1839,1
1300,SUBMISSION,,PICNIC_BASKET2,SEASHELLS,30251,10
1300,SUBMISSION,,RAINFOREST_RESIN,SEASHELLS,9998,1
1300,,,PICNIC_BASKET1,SEASHELLS,58693,6
1300,,,PICNIC_BASKET2,SEASHELLS,30250,6
1400,SUBMISSION,,PICNIC_BASKET2,SEASHELLS,30250,16
1400,SUBMISSION,,PICNIC_BASKET2,SEASHELLS,30250,2
1500,SUBMISSION,,CROISSANTS,SEASHELLS,4274,56
1500,SUBMISSION,,PICNIC_BASKET2,SEASHELLS,30250,16
1500,SUBMISSION,,PICNIC_BASKET2,SEASHELLS,30250,2
1500,,,KELP,SEASHELLS,2032,1
1500,,,SQUID_INK,SEASHELLS,1842,1
1600,SUBMISSION,,PICNIC_BASKET2,SEASHELLS,30251,1
1600,,,CROISSANTS,SEASHELLS,4273,8
1600,,,RAINFOREST_RESIN,SEASHELLS,9996,1
1700,SUBMISSION,,PICNIC_BASKET2,SEASHELLS,30251,5
1700,,,DJEMBES,SEASHELLS,13413,3
1900,,,RAINFOREST_RESIN,SEASHELLS,9998,8
1900,,,RAINFOREST_RESIN,SEASHELLS,9998,4
2000,,,DJEMBES,SEASHELLS,13413,2
2300,SUBMISSION,,CROISSANTS,SEASHELLS,4274,38
2300,,,DJEMBES,SEASHELLS,13414,2
2400,SUBMISSION,,CROISSANTS,SEASHELLS,4274,48
2400,,SUBMISSION,KELP,SEASHELLS,2034,1
2400,,SUBMISSION,RAINFOREST_RESIN,SEASHELLS,10002,1
2500,,,JAMS,SEASHELLS,6543,6
2700,,SUBMISSION,KELP,SEASHELLS,2034,1
2800,,,JAMS,SEASHELLS,6542,9
2900,,,JAMS,SEASHELLS,6542,10
3000,,SUBMISSION,JAMS,SEASHELLS,6543,51
3000,,SUBMISSION,JAMS,SEASHELLS,6543,34
3000,,SUBMISSION,PICNIC_BASKET2,SEASHELLS,30247,11
3000,,SUBMISSION,PICNIC_BASKET2,SEASHELLS,30247,1
3100,,SUBMISSION,PICNIC_BASKET2,SEASHELLS,30247,15
3100,,SUBMISSION,PICNIC_BASKET2,SEASHELLS,30247,18
3200,,SUBMISSION,PICNIC_BASKET2,SEASHELLS,30250,1
3200,,,KELP,SEASHELLS,2034,2
3200,,,RAINFOREST_RESIN,SEASHELLS,10004,1
3200,,,RAINFOREST_RESIN,SEASHELLS,10004,1
3200,,,SQUID_INK,SEASHELLS,1850,2
3300,,SUBMISSION,PICNIC_BASKET2,SEASHELLS,30248,2
3400,,SUBMISSION,PICNIC_BASKET2,SEASHELLS,30246,19
3400,,SUBMISSION,PICNIC_BASKET2,SEASHELLS,30246,1
3400,,,RAINFOREST_RESIN,SEASHELLS,9998,1
3500,SUBMISSION,,DJEMBES,SEASHELLS,13415,28
3500,SUBMISSION,,DJEMBES,SEASHELLS,13415,50
3500,,SUBMISSION,PICNIC_BASKET2,SEASHELLS,30248,2
3500,,,SQUID_INK,SEASHELLS,1851,1
3600,,,RAINFOREST_RESIN,SEASHELLS,10002,5
3600,,,RAINFOREST_RESIN,SEASHELLS,10002,3
3700,SUBMISSION,,DJEMBES,SEASHELLS,13414,15
3700,SUBMISSION,,DJEMBES,SEASHELLS,13414,27
3700,SUBMISSION,,KELP,SEASHELLS,2033,5
3700,,,SQUID_INK,SEASHELLS,1851,5
3700,,,SQUID_INK,SEASHELLS,1852,2
3900,,SUBMISSION,RAINFOREST_RESIN,SEASHELLS,10002,4
4000,,SUBMISSION,PICNIC_BASKET1,SEASHELLS,58681,2
4100,SUBMISSION,,CROISSANTS,SEASHELLS,4274,14
4200,SUBMISSION,,RAINFOREST_RESIN,SEASHELLS,9998,5
4300,SUBMISSION,,KELP,SEASHELLS,2033,5
4300,SUBMISSION,,RAINFOREST_RESIN,SEASHELLS,10000,5
4500,,SUBMISSION,DJEMBES,SEASHELLS,13416,18
4600,,SUBMISSION,KELP,SEASHELLS,2034,1
4600,,,JAMS,SEASHELLS,6542,10
4600,,,SQUID_INK,SEASHELLS,1859,1
4700,SUBMISSION,,PICNIC_BASKET2,SEASHELLS,30246,19
4700,,,KELP,SEASHELLS,2035,4
4700,,,SQUID_INK,SEASHELLS,1858,4
4800,SUBMISSION,,PICNIC_BASKET1,SEASHELLS,58674,1
4800,SUBMISSION,,PICNIC_BASKET2,SEASHELLS,30245,1
4900,SUBMISSION,,DJEMBES,SEASHELLS,13415,7
4900,SUBMISSION,,PICNIC_BASKET1,SEASHELLS,58675,1
4900,SUBMISSION,,PICNIC_BASKET2,SEASHELLS,30244,2
4900,,,KELP,SEASHELLS,2035,2
4900,,,RAINFOREST_RESIN,SEASHELLS,10004,2
4900,,,SQUID_INK,SEASHELLS,1860,2
5000,SUBMISSION,,PICNIC_BASKET2,SEASHELLS,30243,2
5000,,,CROISSANTS,SEASHELLS,4271,4
5100,,SUBMISSION,DJEMBES,SEASHELLS,13416,27
5100,SUBMISSION,,PICNIC_BASKET2,SEASHELLS,30240,1
5200,SUBMISSION,,JAMS,SEASHELLS,6543,79
5200,SUBMISSION,,PICNIC_BASKET2,SEASHELLS,30239,13
5200,SUBMISSION,,PICNIC_BASKET2,SEASHELLS,30239,1
5300,SUBMISSION,,DJEMBES,SEASHELLS,13414,26
5300,SUBMISSION,,DJEMBES,SEASHELLS,13414,12
5300,SUBMISSION,,JAMS,SEASHELLS,6542,97
5300,,SUBMISSION,KELP,SEASHELLS,2034,1
5300,SUBMISSION,,PICNIC_BASKET2,SEASHELLS,30240,1
5400,SUBMISSION,,JAMS,SEASHELLS,6542,89
5400,SUBMISSION,,JAMS,SEASHELLS,6542,135
5400,SUBMISSION,,KELP,SEASHELLS,2033,5
5400,SUBMISSION,,PICNIC_BASKET2,SEASHELLS,30242,13
5400,SUBMISSION,,PICNIC_BASKET2,SEASHELLS,30242,2
5400,,,SQUID_INK,SEASHELLS,1857,5
5500,SUBMISSION,,JAMS,SEASHELLS,6542,76
5500,SUBMISSION,,JAMS,SEASHELLS,6542,129
5500,SUBMISSION,,PICNIC_BASKET2,SEASHELLS,30239,1
5500,,,JAMS,SEASHELLS,6540,4
5600,SUBMISSION,,JAMS,SEASHELLS,6542,82
5600,SUBMISSION,,JAMS,SEASHELLS,6542,13
5600,SUBMISSION,,PICNIC_BASKET2,SEASHELLS,30235,3
5700,SUBMISSION,,PICNIC_BASKET2,SEASHELLS,30237,11
5700,,,KELP,SEASHELLS,2035,14
5700,,,PICNIC_BASKET1,SEASHELLS,58650,1
5700,,,PICNIC_BASKET1,SEASHELLS,58649,1
5700,,,PICNIC_BASKET2,SEASHELLS,30232,1
5700,,,PICNIC_BASKET2,SEASHELLS,30231,1
5700,,,SQUID_INK,SEASHELLS,1862,14
5800,,,KELP,SEASHELLS,2035,14
5800,,,SQUID_INK,SEASHELLS,1861,14
5900,,SUBMISSION,KELP,SEASHELLS,2034,4
5900,,,KELP,SEASHELLS,2035,12
5900,,,KELP,SEASHELLS,2032,1
5900,,,RAINFOREST_RESIN,SEASHELLS,9996,1
5900,,,SQUID_INK,SEASHELLS,1860,12
5900,,,SQUID_INK,SEASHELLS,1859,1
6100,,SUBMISSION,RAINFOREST_RESIN,SEASHELLS,10002,11
6100,,,DJEMBES,SEASHELLS,13413,5
6100,,,KELP,SEASHELLS,2032,5
6100,,,KELP,SEASHELLS,2034,8
6100,,,SQUID_INK,SEASHELLS,1859,5
6100,,,SQUID_INK,SEASHELLS,1860,8
6200,,,JAMS,SEASHELLS,6540,3
6400,,SUBMISSION,KELP,SEASHELLS,2034,3
6400,SUBMISSION,,RAINFOREST_RESIN,SEASHELLS,9998,1
6400,,,CROISSANTS,SEASHELLS,4272,8
6700,SUBMISSION,,RAINFOREST_RESIN,SEASHELLS,9998,5
6800,,,JAMS,SEASHELLS,6540,5
6900,,SUBMISSION,PICNIC_BASKET1,SEASHELLS,58659,2
6900,,SUBMISSION,PICNIC_BASKET2,SEASHELLS,30236,2
6900,,,DJEMBES,SEASHELLS,13415,2
7000,,SUBMISSION,DJEMBES,SEASHELLS,13414,24
7000,,SUBMISSION,KELP,SEASHELLS,2034,2
7000,,SUBMISSION,PICNIC_BASKET1,SEASHELLS,58658,1
7100,,SUBMISSION,DJEMBES,SEASHELLS,13414,18
7100,,SUBMISSION,DJEMBES,SEASHELLS,13414,47
7100,,,CROISSANTS,SEASHELLS,4271,7
7200,,SUBMISSION,DJEMBES,SEASHELLS,13414,17
7200,,SUBMISSION,DJEMBES,SEASHELLS,13414,14
7200,,,CROISSANTS,SEASHELLS,4271,5
7300,,SUBMISSION,PICNIC_BASKET1,SEASHELLS,58663,2
7300,,SUBMISSION,PICNIC_BASKET2,SEASHELLS,30235,1
7300,SUBMISSION,,SQUID_INK,SEASHELLS,1860,8
7300,,,JAMS,SEASHELLS,6540,8
7300,,,PICNIC_BASKET2,SEASHELLS,30235,1
7400,,,JAMS,SEASHELLS,6540,6
7400,,,KELP,SEASHELLS,2032,1
7400,,,SQUID_INK,SEASHELLS,1859,1
7500,SUBMISSION,,PICNIC_BASKET2,SEASHELLS,30233,3
7500,,,JAMS,SEASHELLS,6541,7
7600,SUBMISSION,,DJEMBES,SEASHELLS,13414,24
7600,SUBMISSION,,DJEMBES,SEASHELLS,13414,38
7700,SUBMISSION,,RAINFOREST_RESIN,SEASHELLS,9998,1
7800,,SUBMISSION,KELP,SEASHELLS,2034,1
7800,SUBMISSION,,PICNIC_BASKET1,SEASHELLS,58657,5
7800,,,RAINFOREST_RESIN,SEASHELLS,10002,2
7900,SUBMISSION,,SQUID_INK,SEASHELLS,1859,1
7900,,,CROISSANTS,SEASHELLS,4270,8
7900,,,JAMS,SEASHELLS,6539,5
7900,,,RAINFOREST_RESIN,SEASHELLS,10004,1
7900,,,RAINFOREST_RESIN,SEASHELLS,10004,8
8000,SUBMISSION,,DJEMBES,SEASHELLS,13414,30
8000,SUBMISSION,,SQUID_INK,SEASHELLS,1859,22
8200,SUBMISSION,,DJEMBES,SEASHELLS,13413,28
8200,SUBMISSION,,SQUID_INK,SEASHELLS,1859,7
8200,,,JAMS,SEASHELLS,6538,5
8300,SUBMISSION,,SQUID_INK,SEASHELLS,1860,23
8300,SUBMISSION,,SQUID_INK,SEASHELLS,1860,1
8600,,,RAINFOREST_RESIN,SEASHELLS,10004,1
8600,,,RAINFOREST_RESIN,SEASHELLS,10004,6
8900,,SUBMISSION,PICNIC_BASKET1,SEASHELLS,58657,3
8900,SUBMISSION,,SQUID_INK,SEASHELLS,1859,27
8900,SUBMISSION,,SQUID_INK,SEASHELLS,1859,2
8900,,,PICNIC_BASKET2,SEASHELLS,30224,3
9000,SUBMISSION,,SQUID_INK,SEASHELLS,1858,2
9100,SUBMISSION,,PICNIC_BASKET1,SEASHELLS,58652,1
9100,SUBMISSION,,SQUID_INK,SEASHELLS,1858,7
9100,,,CROISSANTS,SEASHELLS,4270,5
9100,,,PICNIC_BASKET1,SEASHELLS,58643,1
9100,,,PICNIC_BASKET2,SEASHELLS,30224,1
9200,,SUBMISSION,PICNIC_BASKET2,SEASHELLS,30227,17
9300,,SUBMISSION,KELP,SEASHELLS,2034,1
9300,,,JAMS,SEASHELLS,6539,9
9400,,,KELP,SEASHELLS,2032,1
9400,,,SQUID_INK,SEASHELLS,1855,1
9600,,SUBMISSION,KELP,SEASHELLS,2034,1
9600,,,KELP,SEASHELLS,2032,2
9600,,,RAINFOREST_RESIN,SEASHELLS,9998,2
9600,,,SQUID_INK,SEASHELLS,1857,1
9700,,SUBMISSION,DJEMBES,SEASHELLS,13412,25
9700,,SUBMISSION,DJEMBES,SEASHELLS,13412,43
9700,,SUBMISSION,PICNIC_BASKET1,SEASHELLS,58653,1
9700,,,RAINFOREST_RESIN,SEASHELLS,9996,1
9800,,SUBMISSION,DJEMBES,SEASHELLS,13413,30
9800,,SUBMISSION,DJEMBES,SEASHELLS,13413,22
9800,SUBMISSION,,RAINFOREST_RESIN,SEASHELLS,9998,1
9800,,,DJEMBES,SEASHELLS,13415,4
9900,,SUBMISSION,SQUID_INK,SEASHELLS,1858,29
9900,,SUBMISSION,SQUID_INK,SEASHELLS,1858,2
9900,,,JAMS,SEASHELLS,6540,5
9900,,,KELP,SEASHELLS,2035,1
9900,,,SQUID_INK,SEASHELLS,1860,1
9900,,,SQUID_INK,SEASHELLS,1859,5
10000,,,CROISSANTS,SEASHELLS,4270,8
10100,SUBMISSION,,DJEMBES,SEASHELLS,13411,26
10100,,,JAMS,SEASHELLS,6540,4
10200,,SUBMISSION,PICNIC_BASKET2,SEASHELLS,30228,2
10300,SUBMISSION,,PICNIC_BASKET1,SEASHELLS,58647,3
10300,,SUBMISSION,PICNIC_BASKET2,SEASHELLS,30227,18
10300,,SUBMISSION,SQUID_INK,SEASHELLS,1858,21
10300,,,DJEMBES,SEASHELLS,13410,3
10400,SUBMISSION,,DJEMBES,SEASHELLS,13411,19
10400,,SUBMISSION,PICNIC_BASKET2,SEASHELLS,30230,19
10400,,SUBMISSION,PICNIC_BASKET2,SEASHELLS,30230,18
10500,,SUBMISSION,PICNIC_BASKET2,SEASHELLS,30232,20
10500,,,KELP,SEASHELLS,2033,2
10500,,,RAINFOREST_RESIN,SEASHELLS,10002,1
10500,,,RAINFOREST_RESIN,SEASHELLS,9995,2
10500,,,SQUID_INK,SEASHELLS,1856,2
10600,SUBMISSION,,DJEMBES,SEASHELLS,13411,16
10600,,SUBMISSION,PICNIC_BASKET2,SEASHELLS,30230,1
10600,,SUBMISSION,RAINFOREST_RESIN,SEASHELLS,10000,4
10600,,,KELP,SEASHELLS,2035,1
10600,,,SQUID_INK,SEASHELLS,1858,1
10700,SUBMISSION,,DJEMBES,SEASHELLS,13411,27
10700,,SUBMISSION,PICNIC_BASKET2,SEASHELLS,30228,12
10700,,SUBMISSION,PICNIC_BASKET2,SEASHELLS,30228,1
10800,SUBMISSION,,DJEMBES,SEASHELLS,13411,28
10800,,SUBMISSION,KELP,SEASHELLS,2035,1
10800,,SUBMISSION,SQUID_INK,SEASHELLS,1858,1
10800,,,JAMS,SEASHELLS,6538,8
10900,SUBMISSION,,DJEMBES,SEASHELLS,13411,4
10900,,SUBMISSION,PICNIC_BASKET2,SEASHELLS,30232,2
10900,,SUBMISSION,SQUID_INK,SEASHELLS,1860,2
11000,,SUBMISSION,JAMS,SEASHELLS,6540,77
11000,,SUBMISSION,SQUID_INK,SEASHELLS,1864,1
11100,,SUBMISSION,JAMS,SEASHELLS,6540,64
11100,,SUBMISSION,SQUID_INK,SEASHELLS,1864,25
11100,,SUBMISSION,SQUID_INK,SEASHELLS,1864,2
11200,,SUBMISSION,JAMS,SEASHELLS,6541,50
11200,,SUBMISSION,JAMS,SEASHELLS,6541,146
11200,,SUBMISSION,SQUID_INK,SEASHELLS,1863,17
11300,,SUBMISSION,JAMS,SEASHELLS,6541,74
11300,,SUBMISSION,JAMS,SEASHELLS,6541,153
11300,,SUBMISSION,PICNIC_BASKET2,SEASHELLS,30230,18
11300,,SUBMISSION,PICNIC_BASKET2,SEASHELLS,30230,13
11300,SUBMISSION,,RAINFOREST_RESIN,SEASHELLS,9998,1
11400,,SUBMISSION,JAMS,SEASHELLS,6540,91
11400,,SUBMISSION,JAMS,SEASHELLS,6540,45
11400,,SUBMISSION,PICNIC_BASKET2,SEASHELLS,30233,17
11400,,SUBMISSION,PICNIC_BASKET2,SEASHELLS,30233,12
11400,,SUBMISSION,RAINFOREST_RESIN,SEASHELLS,10002,1
11500,,SUBMISSION,PICNIC_BASKET2,SEASHELLS,30234,16
11600,,SUBMISSION,PICNIC_BASKET2,SEASHELLS,30236,14
11700,SUBMISSION,,KELP,SEASHELLS,2034,3
11700,SUBMISSION,,SQUID_INK,SEASHELLS,1858,3
11700,,,RAINFOREST_RESIN,SEASHELLS,10002,1
11900,SUBMISSION,,SQUID_INK,SEASHELLS,1859,20
11900,SUBMISSION,,SQUID_INK,SEASHELLS,1859,1
12000,SUBMISSION,,RAINFOREST_RESIN,SEASHELLS,9998,1
12000,SUBMISSION,,SQUID_INK,SEASHELLS,1858,22
12000,SUBMISSION,,SQUID_INK,SEASHELLS,1858,2
12100,,SUBMISSION,DJEMBES,SEASHELLS,13413,30
12100,,SUBMISSION,DJEMBES,SEASHELLS,13413,48
12100,SUBMISSION,,KELP,SEASHELLS,2034,8
12100,SUBMISSION,,RAINFOREST_RESIN,SEASHELLS,9998,2
12100,SUBMISSION,,SQUID_INK,SEASHELLS,1855,8
12100,,,DJEMBES,SEASHELLS,13415,1
12100,,,KELP,SEASHELLS,2036,1
12100,,,RAINFOREST_RESIN,SEASHELLS,10005,1
12100,,,SQUID_INK,SEASHELLS,1856,1
12200,,SUBMISSION,DJEMBES,SEASHELLS,13414,21
12200,,SUBMISSION,PICNIC_BASKET1,SEASHELLS,58644,1
12200,SUBMISSION,,SQUID_INK,SEASHELLS,1859,24
12200,SUBMISSION,,SQUID_INK,SEASHELLS,1859,1
12200,,,KELP,SEASHELLS,2033,1
12200,,,SQUID_INK,SEASHELLS,1856,1
12300,,SUBMISSION,DJEMBES,SEASHELLS,13414,21
12300,SUBMISSION,,KELP,SEASHELLS,2033,3
12300,,SUBMISSION,PICNIC_BASKET1,SEASHELLS,58647,1
12300,SUBMISSION,,SQUID_INK,SEASHELLS,1857,3
12400,,,KELP,SEASHELLS,2032,1
12400,,,SQUID_INK,SEASHELLS,1857,1
12500,SUBMISSION,,PICNIC_BASKET2,SEASHELLS,30236,2
12600,SUBMISSION,,PICNIC_BASKET1,SEASHELLS,58637,2
12600,SUBMISSION,,PICNIC_BASKET2,SEASHELLS,30230,10
12600,SUBMISSION,,PICNIC_BASKET2,SEASHELLS,30230,2
12700,SUBMISSION,,PICNIC_BASKET2,SEASHELLS,30231,1
12700,SUBMISSION,,RAINFOREST_RESIN,SEASHELLS,9998,3
12700,SUBMISSION,,SQUID_INK,SEASHELLS,1859,16
12700,,,CROISSANTS,SEASHELLS,4267,7
12800,SUBMISSION,,KELP,SEASHELLS,2034,1
12900,,,KELP,SEASHELLS,2036,6
12900,,,SQUID_INK,SEASHELLS,1856,6
13000,SUBMISSION,,PICNIC_BASKET2,SEASHELLS,30233,8
13000,SUBMISSION,,RAINFOREST_RESIN,SEASHELLS,9998,1
13100,SUBMISSION,,PICNIC_BASKET2,SEASHELLS,30236,1
13100,,SUBMISSION,RAINFOREST_RESIN,SEASHELLS,10002,3
13200,SUBMISSION,,PICNIC_BASKET2,SEASHELLS,30233,1
13200,,,PICNIC_BASKET1,SEASHELLS,58636,1
13200,,,PICNIC_BASKET2,SEASHELLS,30228,1
13300,SUBMISSION,,PICNIC_BASKET2,SEASHELLS,30232,1
13300,,,JAMS,SEASHELLS,6544,8
13400,,SUBMISSION,PICNIC_BASKET1,SEASHELLS,58641,2
13400,SUBMISSION,,PICNIC_BASKET2,SEASHELLS,30235,2
13500,SUBMISSION,,PICNIC_BASKET2,SEASHELLS,30231,2
13600,SUBMISSION,,JAMS,SEASHELLS,6542,76
13600,SUBMISSION,,PICNIC_BASKET2,SEASHELLS,30231,13
13600,,SUBMISSION,RAINFOREST_RESIN,SEASHELLS,10002,1
13700,SUBMISSION,,JAMS,SEASHELLS,6542,88
13700,,SUBMISSION,PICNIC_BASKET1,SEASHELLS,58641,1
13700,SUBMISSION,,PICNIC_BASKET2,SEASHELLS,30231,20
13700,SUBMISSION,,PICNIC_BASKET2,SEASHELLS,30231,1
13700,,,CROISSANTS,SEASHELLS,4267,7
13700,,,KELP,SEASHELLS,2034,3
13700,,,SQUID_INK,SEASHELLS,1848,3
13800,SUBMISSION,,JAMS,SEASHELLS,6542,91
13800,SUBMISSION,,PICNIC_BASKET2,SEASHELLS,30232,15
13900,SUBMISSION,,JAMS,SEASHELLS,6542,87
13900,SUBMISSION,,JAMS,SEASHELLS,6542,167
13900,SUBMISSION,,PICNIC_BASKET2,SEASHELLS,30230,1
13900,,,KELP,SEASHELLS,2032,1
13900,,,KELP,SEASHELLS,2034,3
13900,,,SQUID_INK,SEASHELLS,1849,1
13900,,,SQUID_INK,SEASHELLS,1850,3
14000,SUBMISSION,,JAMS,SEASHELLS,6542,95
14000,SUBMISSION,,JAMS,SEASHELLS,6542,96
14000,SUBMISSION,,PICNIC_BASKET2,SEASHELLS,30232,15
14000,SUBMISSION,,PICNIC_BASKET2,SEASHELLS,30232,1
14000,,,KELP,SEASHELLS,2032,15
14000,,,SQUID_INK,SEASHELLS,1852,1
14100,,SUBMISSION,KELP,SEASHELLS,2034,4
14100,,SUBMISSION,PICNIC_BASKET1,SEASHELLS,58641,13
14100,,SUBMISSION,PICNIC_BASKET1,SEASHELLS,58641,1
14200,,,CROISSANTS,SEASHELLS,4267,6
14300,,SUBMISSION,PICNIC_BASKET1,SEASHELLS,58649,2
14300,,,JAMS,SEASHELLS,6541,5
14400,,SUBMISSION,PICNIC_BASKET1,SEASHELLS,58650,1
14400,,SUBMISSION,RAINFOREST_RESIN,SEASHELLS,10002,1
14400,,,JAMS,SEASHELLS,6542,6
14500,SUBMISSION,,KELP,SEASHELLS,2033,5
14500,,SUBMISSION,PICNIC_BASKET1,SEASHELLS,58650,14
14500,,SUBMISSION,PICNIC_BASKET1,SEASHELLS,58650,1
14500,SUBMISSION,,RAINFOREST_RESIN,SEASHELLS,9998,9
14500,,,SQUID_INK,SEASHELLS,1852,1
14500,,,SQUID_INK,SEASHELLS,1852,4
14600,,SUBMISSION,PICNIC_BASKET1,SEASHELLS,58649,1
14700,SUBMISSION,,DJEMBES,SEASHELLS,13416,20
14700,,SUBMISSION,KELP,SEASHELLS,2034,1
14700,,SUBMISSION,PICNIC_BASKET1,SEASHELLS,58648,13
14700,,,DJEMBES,SEASHELLS,13417,1
14700,,,SQUID_INK,SEASHELLS,1852,1
14800,,SUBMISSION,PICNIC_BASKET1,SEASHELLS,58646,1
14800,,,CROISSANTS,SEASHELLS,4267,10
15000,,SUBMISSION,KELP,SEASHELLS,2034,1
15000,,SUBMISSION,PICNIC_BASKET1,SEASHELLS,58650,8
15000,,,CROISSANTS,SEASHELLS,4267,5
15000,,,RAINFOREST_RESIN,SEASHELLS,9998,3
15200,,SUBMISSION,DJEMBES,SEASHELLS,13417,20
15200,SUBMISSION,,KELP,SEASHELLS,2033,1
15200,,SUBMISSION,PICNIC_BASKET1,SEASHELLS,58652,14
15200,,,JAMS,SEASHELLS,6543,5
15200,,,KELP,SEASHELLS,2033,2
15200,,,SQUID_INK,SEASHELLS,1848,2
15200,,,SQUID_INK,SEASHELLS,1848,1
15300,,SUBMISSION,PICNIC_BASKET1,SEASHELLS,58649,2
15400,,SUBMISSION,PICNIC_BASKET1,SEASHELLS,58650,19
15400,,SUBMISSION,PICNIC_BASKET1,SEASHELLS,58650,1
15500,,SUBMISSION,PICNIC_BASKET1,SEASHELLS,58650,2
15500,,SUBMISSION,RAINFOREST_RESIN,SEASHELLS,10002,1
15500,,,KELP,SEASHELLS,2033,1
15500,,,RAINFOREST_RESIN,SEASHELLS,9998,1
15500,,,SQUID_INK,SEASHELLS,1850,1
15600,,SUBMISSION,CROISSANTS,SEASHELLS,4268,37
15600,,SUBMISSION,CROISSANTS,SEASHELLS,4268,57
15600,,SUBMISSION,PICNIC_BASKET1,SEASHELLS,58657,18
15600,,SUBMISSION,PICNIC_BASKET1,SEASHELLS,58657,2
15600,,,RAINFOREST_RESIN,SEASHELLS,10002,1
15700,,SUBMISSION,CROISSANTS,SEASHELLS,4268,62
15700,,SUBMISSION,PICNIC_BASKET1,SEASHELLS,58653,1
15800,,SUBMISSION,CROISSANTS,SEASHELLS,4268,40
15800,,SUBMISSION,PICNIC_BASKET1,SEASHELLS,58652,3
15800,,,CROISSANTS,SEASHELLS,4269,7
15900,,SUBMISSION,CROISSANTS,SEASHELLS,4268,55
15900,,SUBMISSION,CROISSANTS,SEASHELLS,4268,94
15900,,SUBMISSION,SQUID_INK,SEASHELLS,1854,8
16000,,SUBMISSION,CROISSANTS,SEASHELLS,4268,59
16000,,SUBMISSION,SQUID_INK,SEASHELLS,1856,23
16100,,SUBMISSION,CROISSANTS,SEASHELLS,4268,45
16100,,SUBMISSION,CROISSANTS,SEASHELLS,4268,51
16100,,SUBMISSION,SQUID_INK,SEASHELLS,1857,3
16100,,,KELP,SEASHELLS,2033,1
16100,,,RAINFOREST_RESIN,SEASHELLS,9996,1
16100,,,SQUID_INK,SEASHELLS,1856,1
16200,SUBMISSION,,PICNIC_BASKET1,SEASHELLS,58653,1
16200,SUBMISSION,,PICNIC_BASKET2,SEASHELLS,30224,1
16200,,SUBMISSION,SQUID_INK,SEASHELLS,1853,21
16200,,SUBMISSION,SQUID_INK,SEASHELLS,1853,2
16200,,,DJEMBES,SEASHELLS,13418,4
16300,SUBMISSION,,PICNIC_BASKET2,SEASHELLS,30229,19
16300,SUBMISSION,,PICNIC_BASKET2,SEASHELLS,30229,2
16300,,,KELP,SEASHELLS,2034,1
16300,,,SQUID_INK,SEASHELLS,1852,1
16400,SUBMISSION,,SQUID_INK,SEASHELLS,1851,26
16400,SUBMISSION,,SQUID_INK,SEASHELLS,1851,1
16400,,,KELP,SEASHELLS,2036,9
16500,SUBMISSION,,SQUID_INK,SEASHELLS,1851,22
16500,SUBMISSION,,SQUID_INK,SEASHELLS,1851,1
16600,,SUBMISSION,RAINFOREST_RESIN,SEASHELLS,10002,3
16600,SUBMISSION,,SQUID_INK,SEASHELLS,1850,7
16700,,,DJEMBES,SEASHELLS,13418,3
16700,,,KELP,SEASHELLS,2036,2
16700,,,RAINFOREST_RESIN,SEASHELLS,10004,2
16700,,,SQUID_INK,SEASHELLS,1845,2
16800,SUBMISSION,,CROISSANTS,SEASHELLS,4268,53
16800,SUBMISSION,,CROISSANTS,SEASHELLS,4268,88
16800,,,JAMS,SEASHELLS,6540,6
16900,SUBMISSION,,CROISSANTS,SEASHELLS,4268,48
16900,SUBMISSION,,CROISSANTS,SEASHELLS,4268,73
16900,,SUBMISSION,RAINFOREST_RESIN,SEASHELLS,10002,1
17000,SUBMISSION,,CROISSANTS,SEASHELLS,4268,38
17000,SUBMISSION,,CROISSANTS,SEASHELLS,4268,95
17000,SUBMISSION,,DJEMBES,SEASHELLS,13416,26
17000,,SUBMISSION,RAINFOREST_RESIN,SEASHELLS,10002,5
17000,,,RAINFOREST_RESIN,SEASHELLS,9998,3
17100,SUBMISSION,,CROISSANTS,SEASHELLS,4268,56
17100,SUBMISSION,,DJEMBES,SEASHELLS,13416,27
17100,SUBMISSION,,DJEMBES,SEASHELLS,13416,46
17100,,SUBMISSION,PICNIC_BASKET1,SEASHELLS,58659,1
17100,,SUBMISSION,SQUID_INK,SEASHELLS,1850,8
17200,SUBMISSION,,DJEMBES,SEASHELLS,13415,21
17200,,SUBMISSION,RAINFOREST_RESIN,SEASHELLS,10002,1
17300,,SUBMISSION,PICNIC_BASKET2,SEASHELLS,30229,4
17600,,SUBMISSION,PICNIC_BASKET2,SEASHELLS,30229,15
17600,,SUBMISSION,PICNIC_BASKET2,SEASHELLS,30229,1
17700,,SUBMISSION,CROISSANTS,SEASHELLS,4269,39
17700,,SUBMISSION,CROISSANTS,SEASHELLS,4269,85
17700,,SUBMISSION,PICNIC_BASKET2,SEASHELLS,30230,14
17700,,SUBMISSION,PICNIC_BASKET2,SEASHELLS,30230,2
17800,,SUBMISSION,PICNIC_BASKET2,SEASHELLS,30230,13
17800,,,RAINFOREST_RESIN,SEASHELLS,10002,1
17900,,SUBMISSION,CROISSANTS,SEASHELLS,4269,59
17900,,SUBMISSION,CROISSANTS,SEASHELLS,4269,98
17900,,SUBMISSION,KELP,SEASHELLS,2035,1
17900,,SUBMISSION,PICNIC_BASKET2,SEASHELLS,30232,18
17900,,,SQUID_INK,SEASHELLS,1849,1
18000,,SUBMISSION,CROISSANTS,SEASHELLS,4269,43
18000,,SUBMISSION,CROISSANTS,SEASHELLS,4269,78
18000,,SUBMISSION,KELP,SEASHELLS,2035,1
18000,,SUBMISSION,PICNIC_BASKET2,SEASHELLS,30232,10
18000,,SUBMISSION,PICNIC_BASKET2,SEASHELLS,30232,2
18000,,SUBMISSION,SQUID_INK,SEASHELLS,1850,1
18000,,,KELP,SEASHELLS,2033,2
18000,,,RAINFOREST_RESIN,SEASHELLS,9998,2
18000,,,SQUID_INK,SEASHELLS,1849,2
18100,,SUBMISSION,CROISSANTS,SEASHELLS,4270,47
18100,,SUBMISSION,CROISSANTS,SEASHELLS,4270,2
18100,,SUBMISSION,PICNIC_BASKET2,SEASHELLS,30235,20
18100,,SUBMISSION,PICNIC_BASKET2,SEASHELLS,30235,1
18100,SUBMISSION,,SQUID_INK,SEASHELLS,1845,9
18200,,SUBMISSION,PICNIC_BASKET2,SEASHELLS,30235,1
18300,,,DJEMBES,SEASHELLS,13412,6
18600,,,KELP,SEASHELLS,2033,1
18600,,,SQUID_INK,SEASHELLS,1837,1
18700,,SUBMISSION,KELP,SEASHELLS,2035,1
18700,SUBMISSION,,PICNIC_BASKET2,SEASHELLS,30230,24
18700,SUBMISSION,,PICNIC_BASKET2,SEASHELLS,30230,11
18700,,,SQUID_INK,SEASHELLS,1840,1
18800,,SUBMISSION,KELP,SEASHELLS,2035,10
18800,SUBMISSION,,PICNIC_BASKET2,SEASHELLS,30227,2
18800,,,DJEMBES,SEASHELLS,13413,4
18900,,SUBMISSION,KELP,SEASHELLS,2035,1
18900,SUBMISSION,,PICNIC_BASKET2,SEASHELLS,30228,1
18900,,,RAINFOREST_RESIN,SEASHELLS,9996,1
19000,SUBMISSION,,PICNIC_BASKET2,SEASHELLS,30226,1
19000,,,CROISSANTS,SEASHELLS,4269,7
19000,,,KELP,SEASHELLS,2035,1
19000,,,SQUID_INK,SEASHELLS,1830,1
19100,SUBMISSION,,PICNIC_BASKET2,SEASHELLS,30227,1
19100,,,KELP,SEASHELLS,2033,2
19100,,,SQUID_INK,SEASHELLS,1822,2
19200,SUBMISSION,,PICNIC_BASKET2,SEASHELLS,30227,16
19200,SUBMISSION,,PICNIC_BASKET2,SEASHELLS,30227,1
19200,,,KELP,SEASHELLS,2035,1
19200,,,RAINFOREST_RESIN,SEASHELLS,10002,1
19200,,,SQUID_INK,SEASHELLS,1825,1
19300,SUBMISSION,,PICNIC_BASKET2,SEASHELLS,30228,20
19300,SUBMISSION,,PICNIC_BASKET2,SEASHELLS,30228,2
19300,,,KELP,SEASHELLS,2036,10
19300,,,SQUID_INK,SEASHELLS,1828,10
19400,SUBMISSION,,PICNIC_BASKET2,SEASHELLS,30227,20
19400,,,KELP,SEASHELLS,2033,1
19400,,,SQUID_INK,SEASHELLS,1829,1
19500,SUBMISSION,,CROISSANTS,SEASHELLS,4269,57
19500,SUBMISSION,,PICNIC_BASKET2,SEASHELLS,30225,1
19500,,,KELP,SEASHELLS,2033,2
19500,,,RAINFOREST_RESIN,SEASHELLS,9998,2
19500,,,SQUID_INK,SEASHELLS,1829,1
19500,,,SQUID_INK,SEASHELLS,1829,1
19600,,SUBMISSION,DJEMBES,SEASHELLS,13414,19
19600,,SUBMISSION,DJEMBES,SEASHELLS,13414,42
19600,SUBMISSION,,PICNIC_BASKET2,SEASHELLS,30226,19
19600,SUBMISSION,,PICNIC_BASKET2,SEASHELLS,30226,17
19600,SUBMISSION,,PICNIC_BASKET2,SEASHELLS,30226,2
19600,,,DJEMBES,SEASHELLS,13416,5
19700,,SUBMISSION,DJEMBES,SEASHELLS,13415,25
19700,,,KELP,SEASHELLS,2033,1
19700,,,KELP,SEASHELLS,2033,15
19700,,,SQUID_INK,SEASHELLS,1826,1
19700,,,SQUID_INK,SEASHELLS,1826,15
19800,,SUBMISSION,DJEMBES,SEASHELLS,13415,10
19800,SUBMISSION,,PICNIC_BASKET2,SEASHELLS,30228,29
19800,SUBMISSION,,PICNIC_BASKET2,SEASHELLS,30228,16
19900,,SUBMISSION,DJEMBES,SEASHELLS,13414,24
19900,,,CROISSANTS,SEASHELLS,4269,5
19900,,,RAINFOREST_RESIN,SEASHELLS,9996,2
19900,,,RAINFOREST_RESIN,SEASHELLS,9996,7
20000,,SUBMISSION,CROISSANTS,SEASHELLS,4270,56
20000,,SUBMISSION,CROISSANTS,SEASHELLS,4270,1
20000,,,DJEMBES,SEASHELLS,13416,1
20000,,,KELP,SEASHELLS,2035,1
20000,,,SQUID_INK,SEASHELLS,1833,1
20100,,SUBMISSION,PICNIC_BASKET2,SEASHELLS,30228,11
20100,,SUBMISSION,PICNIC_BASKET2,SEASHELLS,30228,2
20100,,,KELP,SEASHELLS,2036,2
20100,,,RAINFOREST_RESIN,SEASHELLS,10004,2
20100,,,SQUID_INK,SEASHELLS,1835,2
20200,,SUBMISSION,PICNIC_BASKET2,SEASHELLS,30228,28
20200,,SUBMISSION,PICNIC_BASKET2,SEASHELLS,30228,10
20200,,SUBMISSION,SQUID_INK,SEASHELLS,1833,26
20300,SUBMISSION,,RAINFOREST_RESIN,SEASHELLS,9998,1
20300,,SUBMISSION,SQUID_INK,SEASHELLS,1833,25
20300,,SUBMISSION,SQUID_INK,SEASHELLS,1833,1
20300,,,CROISSANTS,SEASHELLS,4272,6
20300,,,KELP,SEASHELLS,2033,1
20300,,,SQUID_INK,SEASHELLS,1833,1
20400,SUBMISSION,,RAINFOREST_RESIN,SEASHELLS,9998,4
20400,,,RAINFOREST_RESIN,SEASHELLS,9995,5
20500,,SUBMISSION,SQUID_INK,SEASHELLS,1833,28
20600,,SUBMISSION,PICNIC_BASKET2,SEASHELLS,30227,1
20600,SUBMISSION,,RAINFOREST_RESIN,SEASHELLS,9998,1
20600,,SUBMISSION,SQUID_INK,SEASHELLS,1833,20
20700,,SUBMISSION,PICNIC_BASKET2,SEASHELLS,30232,1
20700,SUBMISSION,,RAINFOREST_RESIN,SEASHELLS,9998,1
20800,SUBMISSION,,DJEMBES,SEASHELLS,13414,25
20800,SUBMISSION,,DJEMBES,SEASHELLS,13414,49
20800,,SUBMISSION,JAMS,SEASHELLS,6540,98
20800,,SUBMISSION,PICNIC_BASKET2,SEASHELLS,30235,18
20800,,SUBMISSION,PICNIC_BASKET2,SEASHELLS,30235,1
20800,,,JAMS,SEASHELLS,6539,4
20900,SUBMISSION,,DJEMBES,SEASHELLS,13414,30
20900,SUBMISSION,,DJEMBES,SEASHELLS,13414,16
20900,,SUBMISSION,JAMS,SEASHELLS,6540,80
20900,,SUBMISSION,JAMS,SEASHELLS,6540,103
20900,,SUBMISSION,PICNIC_BASKET2,SEASHELLS,30238,1
20900,SUBMISSION,,RAINFOREST_RESIN,SEASHELLS,9998,1
21000,,SUBMISSION,PICNIC_BASKET2,SEASHELLS,30239,2
21000,,,PICNIC_BASKET1,SEASHELLS,58703,2
21000,,,PICNIC_BASKET2,SEASHELLS,30244,2
21100,,SUBMISSION,PICNIC_BASKET2,SEASHELLS,30237,1
21100,,SUBMISSION,RAINFOREST_RESIN,SEASHELLS,10002,2
21100,,,DJEMBES,SEASHELLS,13414,5
21200,SUBMISSION,,PICNIC_BASKET1,SEASHELLS,58692,1
21200,,SUBMISSION,PICNIC_BASKET2,SEASHELLS,30236,1
21300,SUBMISSION,,JAMS,SEASHELLS,6539,73
21300,,SUBMISSION,KELP,SEASHELLS,2035,1
21300,SUBMISSION,,PICNIC_BASKET1,SEASHELLS,58686,17
21300,,SUBMISSION,PICNIC_BASKET2,SEASHELLS,30235,17
21300,,,SQUID_INK,SEASHELLS,1835,1
21400,SUBMISSION,,JAMS,SEASHELLS,6538,5
21400,SUBMISSION,,PICNIC_BASKET1,SEASHELLS,58678,2
21400,,SUBMISSION,PICNIC_BASKET2,SEASHELLS,30232,2
21400,,,RAINFOREST_RESIN,SEASHELLS,10002,3
21500,SUBMISSION,,JAMS,SEASHELLS,6539,59
21500,SUBMISSION,,PICNIC_BASKET1,SEASHELLS,58682,20
21500,,SUBMISSION,PICNIC_BASKET2,SEASHELLS,30235,1
21500,SUBMISSION,,RAINFOREST_RESIN,SEASHELLS,9998,1
21600,SUBMISSION,,JAMS,SEASHELLS,6539,72
21600,SUBMISSION,,JAMS,SEASHELLS,6539,72
21600,SUBMISSION,,PICNIC_BASKET1,SEASHELLS,58674,1
21600,,SUBMISSION,PICNIC_BASKET2,SEASHELLS,30233,1
21600,,,CROISSANTS,SEASHELLS,4269,8
21700,SUBMISSION,,PICNIC_BASKET1,SEASHELLS,58673,28
21700,SUBMISSION,,PICNIC_BASKET1,SEASHELLS,58673,18
21700,,,DJEMBES,SEASHELLS,13414,3
21700,,,KELP,SEASHELLS,2035,1
21700,,,SQUID_INK,SEASHELLS,1845,1
21800,SUBMISSION,,PICNIC_BASKET1,SEASHELLS,58667,2
21800,,,CROISSANTS,SEASHELLS,4271,7
21800,,,DJEMBES,SEASHELLS,13413,5
21800,,,SQUID_INK,SEASHELLS,1846,10
21900,SUBMISSION,,CROISSANTS,SEASHELLS,4270,63
21900,SUBMISSION,,PICNIC_BASKET1,SEASHELLS,58667,1
21900,,,KELP,SEASHELLS,2033,1
21900,,,KELP,SEASHELLS,2033,12
21900,,,SQUID_INK,SEASHELLS,1845,13
22000,SUBMISSION,,PICNIC_BASKET1,SEASHELLS,58679,2
22000,,SUBMISSION,PICNIC_BASKET2,SEASHELLS,30236,13
22000,,SUBMISSION,PICNIC_BASKET2,SEASHELLS,30236,2
22000,,,KELP,SEASHELLS,2033,3
22100,,SUBMISSION,DJEMBES,SEASHELLS,13415,22
22100,,SUBMISSION,DJEMBES,SEASHELLS,13415,43
22100,SUBMISSION,,PICNIC_BASKET1,SEASHELLS,58680,1
22100,,SUBMISSION,PICNIC_BASKET2,SEASHELLS,30237,14
22100,,SUBMISSION,PICNIC_BASKET2,SEASHELLS,30237,1
22200,,SUBMISSION,CROISSANTS,SEASHELLS,4271,53
22200,,SUBMISSION,DJEMBES,SEASHELLS,13415,24
22200,,SUBMISSION,DJEMBES,SEASHELLS,13415,31
22200,SUBMISSION,,KELP,SEASHELLS,2034,8
22200,SUBMISSION,,PICNIC_BASKET1,SEASHELLS,58682,1
22300,,SUBMISSION,CROISSANTS,SEASHELLS,4272,10
22300,,SUBMISSION,PICNIC_BASKET2,SEASHELLS,30236,10
22400,SUBMISSION,,PICNIC_BASKET1,SEASHELLS,58683,22
22400,SUBMISSION,,PICNIC_BASKET1,SEASHELLS,58683,4
22400,,SUBMISSION,PICNIC_BASKET2,SEASHELLS,30237,22
22400,,SUBMISSION,PICNIC_BASKET2,SEASHELLS,30237,13
22400,,,JAMS,SEASHELLS,6536,9
22600,,SUBMISSION,KELP,SEASHELLS,2035,5
22600,,,KELP,SEASHELLS,2035,2
22600,,,RAINFOREST_RESIN,SEASHELLS,9995,2
22600,,,SQUID_INK,SEASHELLS,1850,2
22700,,,KELP,SEASHELLS,2033,11
22700,,,SQUID_INK,SEASHELLS,1849,11
22800,SUBMISSION,,PICNIC_BASKET2,SEASHELLS,30235,2
22900,SUBMISSION,,PICNIC_BASKET2,SEASHELLS,30235,2
22900,,,DJEMBES,SEASHELLS,13414,5
23000,SUBMISSION,,DJEMBES,SEASHELLS,13414,24
23000,SUBMISSION,,PICNIC_BASKET2,SEASHELLS,30232,16
23000,SUBMISSION,,PICNIC_BASKET2,SEASHELLS,30232,1
23100,SUBMISSION,,DJEMBES,SEASHELLS,13413,30
23100,SUBMISSION,,DJEMBES,SEASHELLS,13413,35
23100,SUBMISSION,,PICNIC_BASKET2,SEASHELLS,30232,30
23100,SUBMISSION,,PICNIC_BASKET2,SEASHELLS,30232,18
23100,SUBMISSION,,SQUID_INK,SEASHELLS,1845,4
23100,,,JAMS,SEASHELLS,6538,8
23200,SUBMISSION,,DJEMBES,SEASHELLS,13413,30
23200,SUBMISSION,,DJEMBES,SEASHELLS,13413,1
23200,SUBMISSION,,PICNIC_BASKET2,SEASHELLS,30233,20
23200,SUBMISSION,,PICNIC_BASKET2,SEASHELLS,30233,2
23200,SUBMISSION,,SQUID_INK,SEASHELLS,1843,8
23200,,,DJEMBES,SEASHELLS,13412,3
23300,,SUBMISSION,PICNIC_BASKET1,SEASHELLS,58675,2
23300,SUBMISSION,,PICNIC_BASKET2,SEASHELLS,30232,2
23300,SUBMISSION,,SQUID_INK,SEASHELLS,1844,26
23300,SUBMISSION,,SQUID_INK,SEASHELLS,1844,2
23400,SUBMISSION,,PICNIC_BASKET2,SEASHELLS,30233,13
23400,SUBMISSION,,PICNIC_BASKET2,SEASHELLS,30233,2
23400,SUBMISSION,,SQUID_INK,SEASHELLS,1843,2
23500,,SUBMISSION,PICNIC_BASKET1,SEASHELLS,58675,14
23500,,SUBMISSION,PICNIC_BASKET1,SEASHELLS,58675,1
23500,SUBMISSION,,SQUID_INK,SEASHELLS,1844,28
23500,SUBMISSION,,SQUID_INK,SEASHELLS,1844,1
23600,SUBMISSION,,SQUID_INK,SEASHELLS,1845,7
23600,,,DJEMBES,SEASHELLS,13413,2
23600,,,JAMS,SEASHELLS,6537,3
23600,,,RAINFOREST_RESIN,SEASHELLS,10002,3
23700,,,KELP,SEASHELLS,2036,1
23700,,,RAINFOREST_RESIN,SEASHELLS,10004,1
23700,,,SQUID_INK,SEASHELLS,1847,1
23800,,SUBMISSION,PICNIC_BASKET2,SEASHELLS,30236,1
23800,,SUBMISSION,RAINFOREST_RESIN,SEASHELLS,10002,1
23800,SUBMISSION,,SQUID_INK,SEASHELLS,1846,22
23900,,SUBMISSION,PICNIC_BASKET1,SEASHELLS,58677,11
23900,,,PICNIC_BASKET1,SEASHELLS,58678,2
23900,,,PICNIC_BASKET1,SEASHELLS,58677,4
23900,,,PICNIC_BASKET2,SEASHELLS,30235,2
23900,,,PICNIC_BASKET2,SEASHELLS,30234,4
24000,,SUBMISSION,PICNIC_BASKET1,SEASHELLS,58680,1
24000,,SUBMISSION,PICNIC_BASKET2,SEASHELLS,30238,1
24000,,,JAMS,SEASHELLS,6537,9
24100,,SUBMISSION,PICNIC_BASKET2,SEASHELLS,30237,19
24200,SUBMISSION,,PICNIC_BASKET1,SEASHELLS,58676,2
24200,,SUBMISSION,PICNIC_BASKET2,SEASHELLS,30237,2
24200,,SUBMISSION,SQUID_INK,SEASHELLS,1849,2
24200,,SUBMISSION,SQUID_INK,SEASHELLS,1849,2
24300,,SUBMISSION,PICNIC_BASKET2,SEASHELLS,30239,21
24300,,SUBMISSION,PICNIC_BASKET2,SEASHELLS,30239,11
24300,,SUBMISSION,PICNIC_BASKET2,SEASHELLS,30239,2
24300,,SUBMISSION,SQUID_INK,SEASHELLS,1846,30
24300,,SUBMISSION,SQUID_INK,SEASHELLS,1846,2
24300,,,DJEMBES,SEASHELLS,13410,1
24400,,SUBMISSION,PICNIC_BASKET2,SEASHELLS,30241,14
24400,,SUBMISSION,PICNIC_BASKET2,SEASHELLS,30241,2
24400,,,CROISSANTS,SEASHELLS,4271,9
24400,,,DJEMBES,SEASHELLS,13411,3
24400,,,KELP,SEASHELLS,2033,1
24400,,,RAINFOREST_RESIN,SEASHELLS,9998,2
24400,,,SQUID_INK,SEASHELLS,1845,1
24500,SUBMISSION,,PICNIC_BASKET1,SEASHELLS,58675,20
24500,,SUBMISSION,PICNIC_BASKET2,SEASHELLS,30242,20
24500,,,JAMS,SEASHELLS,6537,10
24600,SUBMISSION,,PICNIC_BASKET1,SEASHELLS,58673,2
24600,,SUBMISSION,PICNIC_BASKET2,SEASHELLS,30240,16
24600,,SUBMISSION,PICNIC_BASKET2,SEASHELLS,30240,16
24600,,SUBMISSION,PICNIC_BASKET2,SEASHELLS,30240,2
24600,,SUBMISSION,SQUID_INK,SEASHELLS,1846,23
24600,,SUBMISSION,SQUID_INK,SEASHELLS,1846,2
24600,,,JAMS,SEASHELLS,6537,8
24700,SUBMISSION,,PICNIC_BASKET1,SEASHELLS,58669,5
24700,,SUBMISSION,PICNIC_BASKET2,SEASHELLS,30241,8
24700,,SUBMISSION,SQUID_INK,SEASHELLS,1848,22
24800,,SUBMISSION,JAMS,SEASHELLS,6538,79
24800,,SUBMISSION,SQUID_INK,SEASHELLS,1849,17
24900,,SUBMISSION,JAMS,SEASHELLS,6538,76
24900,,SUBMISSION,JAMS,SEASHELLS,6538,196
24900,,,DJEMBES,SEASHELLS,13412,3
25000,,SUBMISSION,JAMS,SEASHELLS,6538,60
25100,SUBMISSION,,CROISSANTS,SEASHELLS,4271,37
25100,,SUBMISSION,JAMS,SEASHELLS,6538,68
25100,,,PICNIC_BASKET1,SEASHELLS,58669,1
25100,,,PICNIC_BASKET2,SEASHELLS,30242,6
25300,SUBMISSION,,RAINFOREST_RESIN,SEASHELLS,9998,1
25400,,SUBMISSION,PICNIC_BASKET1,SEASHELLS,58674,2
25400,,,PICNIC_BASKET1,SEASHELLS,58673,5
25400,,,PICNIC_BASKET2,SEASHELLS,30241,2
25500,,,DJEMBES,SEASHELLS,13410,3
25500,,,RAINFOREST_RESIN,SEASHELLS,9998,1
25500,,,RAINFOREST_RESIN,SEASHELLS,9998,3
25600,SUBMISSION,,PICNIC_BASKET1,SEASHELLS,58673,2
25600,SUBMISSION,,PICNIC_BASKET2,SEASHELLS,30238,8
25600,,,DJEMBES,SEASHELLS,13410,3
25700,SUBMISSION,,PICNIC_BASKET2,SEASHELLS,30241,1
25700,,,RAINFOREST_RESIN,SEASHELLS,10004,1
25700,,,RAINFOREST_RESIN,SEASHELLS,10004,4
25800,,,CROISSANTS,SEASHELLS,4273,8
25800,,,JAMS,SEASHELLS,6539,4
25800,,,KELP,SEASHELLS,2033,8
25800,,,SQUID_INK,SEASHELLS,1849,8
25900,SUBMISSION,,JAMS,SEASHELLS,6538,63
25900,,SUBMISSION,RAINFOREST_RESIN,SEASHELLS,10002,2
25900,,,RAINFOREST_RESIN,SEASHELLS,10002,1
26000,,SUBMISSION,DJEMBES,SEASHELLS,13412,24
26000,,SUBMISSION,DJEMBES,SEASHELLS,13412,49
26000,SUBMISSION,,JAMS,SEASHELLS,6538,65
26000,SUBMISSION,,RAINFOREST_RESIN,SEASHELLS,9998,1
26100,SUBMISSION,,PICNIC_BASKET2,SEASHELLS,30241,18
26100,SUBMISSION,,PICNIC_BASKET2,SEASHELLS,30241,1
26100,SUBMISSION,,SQUID_INK,SEASHELLS,1849,1
26100,,,KELP,SEASHELLS,2033,1
26200,,SUBMISSION,KELP,SEASHELLS,2035,9
26300,,SUBMISSION,CROISSANTS,SEASHELLS,4272,37
26300,SUBMISSION,,PICNIC_BASKET2,SEASHELLS,30237,2
26400,SUBMISSION,,PICNIC_BASKET2,SEASHELLS,30240,1
26400,,,PICNIC_BASKET1,SEASHELLS,58658,1
26400,,,PICNIC_BASKET1,SEASHELLS,58658,6
26400,,,PICNIC_BASKET2,SEASHELLS,30235,7
26500,SUBMISSION,,SQUID_INK,SEASHELLS,1848,7
26600,SUBMISSION,,DJEMBES,SEASHELLS,13411,21
26600,SUBMISSION,,SQUID_INK,SEASHELLS,1850,27
26600,SUBMISSION,,SQUID_INK,SEASHELLS,1850,1
26700,SUBMISSION,,DJEMBES,SEASHELLS,13411,28
26700,SUBMISSION,,DJEMBES,SEASHELLS,13411,24
26700,SUBMISSION,,SQUID_INK,SEASHELLS,1845,4
26700,,,KELP,SEASHELLS,2033,4
26800,,SUBMISSION,KELP,SEASHELLS,2035,1
26800,SUBMISSION,,SQUID_INK,SEASHELLS,1847,24
26800,SUBMISSION,,SQUID_INK,SEASHELLS,1847,2
26800,,,CROISSANTS,SEASHELLS,4272,8
26800,,,SQUID_INK,SEASHELLS,1846,1
26900,SUBMISSION,,PICNIC_BASKET2,SEASHELLS,30238,2
26900,SUBMISSION,,RAINFOREST_RESIN,SEASHELLS,9998,1
26900,SUBMISSION,,SQUID_INK,SEASHELLS,1848,1
26900,,,JAMS,SEASHELLS,6536,8
27000,SUBMISSION,,SQUID_INK,SEASHELLS,1850,6
27100,,SUBMISSION,PICNIC_BASKET2,SEASHELLS,30240,19
27100,,SUBMISSION,PICNIC_BASKET2,SEASHELLS,30240,1
27100,,,KELP,SEASHELLS,2035,1
27100,,,RAINFOREST_RESIN,SEASHELLS,10004,1
27100,,,SQUID_INK,SEASHELLS,1851,1
27200,,SUBMISSION,PICNIC_BASKET2,SEASHELLS,30240,2
27200,,SUBMISSION,SQUID_INK,SEASHELLS,1851,3
27200,,SUBMISSION,SQUID_INK,SEASHELLS,1851,22
27200,,SUBMISSION,SQUID_INK,SEASHELLS,1851,2
27300,,SUBMISSION,KELP,SEASHELLS,2035,3
27300,,SUBMISSION,PICNIC_BASKET2,SEASHELLS,30243,11
27300,,SUBMISSION,SQUID_INK,SEASHELLS,1851,3
27400,SUBMISSION,,JAMS,SEASHELLS,6537,77
27500,SUBMISSION,,JAMS,SEASHELLS,6536,12
27600,SUBMISSION,,JAMS,SEASHELLS,6537,89
27600,,,KELP,SEASHELLS,2036,10
27600,,,RAINFOREST_RESIN,SEASHELLS,10005,7
27600,,,SQUID_INK,SEASHELLS,1852,10
27700,SUBMISSION,,JAMS,SEASHELLS,6536,63
27800,SUBMISSION,,JAMS,SEASHELLS,6536,86
27800,,SUBMISSION,RAINFOREST_RESIN,SEASHELLS,10002,1
27900,SUBMISSION,,JAMS,SEASHELLS,6536,24
27900,,,CROISSANTS,SEASHELLS,4273,8
28000,,SUBMISSION,DJEMBES,SEASHELLS,13411,25
28000,,SUBMISSION,DJEMBES,SEASHELLS,13411,37
28000,SUBMISSION,,KELP,SEASHELLS,2034,4
28000,,,DJEMBES,SEASHELLS,13412,5
28100,,SUBMISSION,DJEMBES,SEASHELLS,13411,27
28100,,SUBMISSION,DJEMBES,SEASHELLS,13411,31
28100,,SUBMISSION,PICNIC_BASKET1,SEASHELLS,58658,8
28200,,SUBMISSION,KELP,SEASHELLS,2035,1
28200,SUBMISSION,,RAINFOREST_RESIN,SEASHELLS,9998,1
28200,,SUBMISSION,SQUID_INK,SEASHELLS,1851,1
28400,SUBMISSION,,PICNIC_BASKET1,SEASHELLS,58654,1
28400,,SUBMISSION,RAINFOREST_RESIN,SEASHELLS,10002,4
28500,SUBMISSION,,CROISSANTS,SEASHELLS,4273,37
28500,SUBMISSION,,PICNIC_BASKET1,SEASHELLS,58654,1
28500,SUBMISSION,,PICNIC_BASKET2,SEASHELLS,30240,1
28500,,SUBMISSION,RAINFOREST_RESIN,SEASHELLS,10002,7
28600,SUBMISSION,,PICNIC_BASKET1,SEASHELLS,58650,6
28600,SUBMISSION,,PICNIC_BASKET2,SEASHELLS,30240,28
28600,SUBMISSION,,PICNIC_BASKET2,SEASHELLS,30240,14
28600,,,KELP,SEASHELLS,2033,1
28600,,,KELP,SEASHELLS,2033,6
28600,,,RAINFOREST_RESIN,SEASHELLS,10002,1
28600,,,RAINFOREST_RESIN,SEASHELLS,9995,10
28600,,,SQUID_INK,SEASHELLS,1848,1
28600,,,SQUID_INK,SEASHELLS,1848,6
28700,SUBMISSION,,PICNIC_BASKET2,SEASHELLS,30240,1
28800,SUBMISSION,,PICNIC_BASKET2,SEASHELLS,30236,20
28800,SUBMISSION,,PICNIC_BASKET2,SEASHELLS,30236,18
28800,,,KELP,SEASHELLS,2033,2
28800,,,RAINFOREST_RESIN,SEASHELLS,9995,2
28800,,,SQUID_INK,SEASHELLS,1848,2
28900,SUBMISSION,,CROISSANTS,SEASHELLS,4273,56
28900,SUBMISSION,,PICNIC_BASKET2,SEASHELLS,30234,1
29000,SUBMISSION,,CROISSANTS,SEASHELLS,4273,44
29000,SUBMISSION,,PICNIC_BASKET2,SEASHELLS,30235,14
29100,SUBMISSION,,CROISSANTS,SEASHELLS,4273,61
29100,SUBMISSION,,CROISSANTS,SEASHELLS,4273,60
29100,,SUBMISSION,KELP,SEASHELLS,2035,1
29100,SUBMISSION,,PICNIC_BASKET2,SEASHELLS,30238,28
29100,SUBMISSION,,PICNIC_BASKET2,SEASHELLS,30238,11
29100,,SUBMISSION,RAINFOREST_RESIN,SEASHELLS,10002,1
29100,,SUBMISSION,SQUID_INK,SEASHELLS,1852,1
29200,SUBMISSION,,CROISSANTS,SEASHELLS,4273,35
29200,SUBMISSION,,CROISSANTS,SEASHELLS,4273,81
29200,SUBMISSION,,PICNIC_BASKET2,SEASHELLS,30238,17
29300,SUBMISSION,,CROISSANTS,SEASHELLS,4273,41
29300,SUBMISSION,,CROISSANTS,SEASHELLS,4273,82
29400,SUBMISSION,,CROISSANTS,SEASHELLS,4273,3
29400,SUBMISSION,,DJEMBES,SEASHELLS,13412,30
29400,SUBMISSION,,DJEMBES,SEASHELLS,13412,37
29400,,SUBMISSION,KELP,SEASHELLS,2035,1
29400,,SUBMISSION,SQUID_INK,SEASHELLS,1853,1
29500,SUBMISSION,,DJEMBES,SEASHELLS,13412,30
29500,SUBMISSION,,DJEMBES,SEASHELLS,13412,23
29500,,,JAMS,SEASHELLS,6534,8
29500,,,KELP,SEASHELLS,2036,4
29500,,,SQUID_INK,SEASHELLS,1853,4
29600,,SUBMISSION,SQUID_INK,SEASHELLS,1853,27
29700,,SUBMISSION,KELP,SEASHELLS,2035,1
29700,SUBMISSION,,PICNIC_BASKET2,SEASHELLS,30236,13
29700,SUBMISSION,,PICNIC_BASKET2,SEASHELLS,30236,2
29700,,SUBMISSION,SQUID_INK,SEASHELLS,1852,1
29700,,,DJEMBES,SEASHELLS,13409,5
29800,,SUBMISSION,PICNIC_BASKET1,SEASHELLS,58648,1
29800,SUBMISSION,,PICNIC_BASKET2,SEASHELLS,30236,28
29800,SUBMISSION,,PICNIC_BASKET2,SEASHELLS,30236,4
29800,,SUBMISSION,SQUID_INK,SEASHELLS,1853,5
29800,,SUBMISSION,SQUID_INK,SEASHELLS,1853,7
29800,,,KELP,SEASHELLS,2033,1
29800,,,RAINFOREST_RESIN,SEASHELLS,9996,1
29800,,,SQUID_INK,SEASHELLS,1853,0
29800,,,SQUID_INK,SEASHELLS,1853,1
29900,,SUBMISSION,PICNIC_BASKET1,SEASHELLS,58653,18
29900,,,KELP,SEASHELLS,2034,2
29900,,,RAINFOREST_RESIN,SEASHELLS,9998,1
29900,,,SQUID_INK,SEASHELLS,1854,2
30000,,SUBMISSION,PICNIC_BASKET1,SEASHELLS,58653,12
30000,,,JAMS,SEASHELLS,6534,8
30100,SUBMISSION,,KELP,SEASHELLS,2034,3
30100,,SUBMISSION,PICNIC_BASKET1,SEASHELLS,58656,16
30100,,,JAMS,SEASHELLS,6534,10
30100,,,SQUID_INK,SEASHELLS,1853,3
30200,,SUBMISSION,DJEMBES,SEASHELLS,13413,30
30200,,SUBMISSION,DJEMBES,SEASHELLS,13413,31
30200,,SUBMISSION,PICNIC_BASKET1,SEASHELLS,58659,2
30300,,SUBMISSION,DJEMBES,SEASHELLS,13413,20
30300,,SUBMISSION,DJEMBES,SEASHELLS,13413,30
30300,,SUBMISSION,PICNIC_BASKET1,SEASHELLS,58663,20
30300,,SUBMISSION,PICNIC_BASKET1,SEASHELLS,58663,10
30300,,SUBMISSION,RAINFOREST_RESIN,SEASHELLS,10002,1
30300,,,KELP,SEASHELLS,2035,1
30300,,,SQUID_INK,SEASHELLS,1853,1
30400,,SUBMISSION,DJEMBES,SEASHELLS,13413,9
30400,,SUBMISSION,PICNIC_BASKET1,SEASHELLS,58667,2
30500,,SUBMISSION,PICNIC_BASKET1,SEASHELLS,58664,1
30600,,SUBMISSION,CROISSANTS,SEASHELLS,4273,54
30600,,SUBMISSION,PICNIC_BASKET1,SEASHELLS,58668,1
30700,,SUBMISSION,CROISSANTS,SEASHELLS,4273,57
30700,,SUBMISSION,CROISSANTS,SEASHELLS,4273,90
30700,,SUBMISSION,PICNIC_BASKET1,SEASHELLS,58669,24
30700,,SUBMISSION,PICNIC_BASKET1,SEASHELLS,58669,12
30800,,SUBMISSION,CROISSANTS,SEASHELLS,4273,41
30800,,SUBMISSION,CROISSANTS,SEASHELLS,4273,88
30800,,SUBMISSION,PICNIC_BASKET1,SEASHELLS,58671,1
30800,,SUBMISSION,PICNIC_BASKET2,SEASHELLS,30233,2
30800,,SUBMISSION,RAINFOREST_RESIN,SEASHELLS,10002,11
30800,SUBMISSION,,SQUID_INK,SEASHELLS,1852,29
30800,SUBMISSION,,SQUID_INK,SEASHELLS,1852,2
30800,,,JAMS,SEASHELLS,6533,9
30900,,SUBMISSION,CROISSANTS,SEASHELLS,4274,57
30900,,SUBMISSION,KELP,SEASHELLS,2035,1
30900,,SUBMISSION,PICNIC_BASKET2,SEASHELLS,30237,1
30900,,SUBMISSION,RAINFOREST_RESIN,SEASHELLS,10002,1
30900,,,DJEMBES,SEASHELLS,13416,4
30900,,,JAMS,SEASHELLS,6535,6
31000,,SUBMISSION,CROISSANTS,SEASHELLS,4274,50
31000,,SUBMISSION,CROISSANTS,SEASHELLS,4274,63
31000,,SUBMISSION,KELP,SEASHELLS,2035,1
31000,,SUBMISSION,PICNIC_BASKET2,SEASHELLS,30238,11
31000,,SUBMISSION,PICNIC_BASKET2,SEASHELLS,30238,1
31000,SUBMISSION,,SQUID_INK,SEASHELLS,1852,1
31000,,,DJEMBES,SEASHELLS,13416,3
31000,,,JAMS,SEASHELLS,6533,9
31100,,SUBMISSION,PICNIC_BASKET2,SEASHELLS,30239,16
31100,,SUBMISSION,PICNIC_BASKET2,SEASHELLS,30239,2
31200,,SUBMISSION,PICNIC_BASKET2,SEASHELLS,30243,19
31200,,SUBMISSION,PICNIC_BASKET2,SEASHELLS,30243,11
31200,,,DJEMBES,SEASHELLS,13417,4
31300,,SUBMISSION,KELP,SEASHELLS,2036,1
31300,,SUBMISSION,PICNIC_BASKET2,SEASHELLS,30240,19
31300,,SUBMISSION,PICNIC_BASKET2,SEASHELLS,30240,13
31400,,SUBMISSION,PICNIC_BASKET2,SEASHELLS,30238,16
31400,,SUBMISSION,PICNIC_BASKET2,SEASHELLS,30238,1
31500,,SUBMISSION,PICNIC_BASKET2,SEASHELLS,30240,12
31500,,SUBMISSION,PICNIC_BASKET2,SEASHELLS,30240,1
31600,,SUBMISSION,PICNIC_BASKET2,SEASHELLS,30248,10
31600,,,DJEMBES,SEASHELLS,13418,2
31700,,SUBMISSION,PICNIC_BASKET2,SEASHELLS,30249,30
31700,,SUBMISSION,PICNIC_BASKET2,SEASHELLS,30249,17
31700,,,DJEMBES,SEASHELLS,13416,3
31700,,,KELP,SEASHELLS,2036,1
31700,,,SQUID_INK,SEASHELLS,1854,1
31800,,SUBMISSION,PICNIC_BASKET2,SEASHELLS,30252,16
31800,,SUBMISSION,PICNIC_BASKET2,SEASHELLS,30252,1
31800,SUBMISSION,,SQUID_INK,SEASHELLS,1852,29
31800,SUBMISSION,,SQUID_INK,SEASHELLS,1852,1
31900,,SUBMISSION,PICNIC_BASKET2,SEASHELLS,30248,1
31900,SUBMISSION,,SQUID_INK,SEASHELLS,1851,27
32000,SUBMISSION,,KELP,SEASHELLS,2034,4
32000,SUBMISSION,,SQUID_INK,SEASHELLS,1850,11
32000,,,SQUID_INK,SEASHELLS,1847,4
32200,SUBMISSION,,KELP,SEASHELLS,2034,4
32200,SUBMISSION,,RAINFOREST_RESIN,SEASHELLS,10000,4
32200,,,SQUID_INK,SEASHELLS,1847,4
32300,,SUBMISSION,RAINFOREST_RESIN,SEASHELLS,10002,1
32300,,,DJEMBES,SEASHELLS,13415,1
32400,SUBMISSION,,DJEMBES,SEASHELLS,13414,25
32400,SUBMISSION,,DJEMBES,SEASHELLS,13414,38
32400,,,JAMS,SEASHELLS,6533,8
32400,,,PICNIC_BASKET1,SEASHELLS,58686,7
32400,,,PICNIC_BASKET2,SEASHELLS,30243,1
32500,SUBMISSION,,DJEMBES,SEASHELLS,13414,27
32500,,,DJEMBES,SEASHELLS,13413,1
32600,SUBMISSION,,DJEMBES,SEASHELLS,13413,26
32600,,,CROISSANTS,SEASHELLS,4277,9
32700,SUBMISSION,,DJEMBES,SEASHELLS,13412,4
32700,SUBMISSION,,PICNIC_BASKET1,SEASHELLS,58689,17
32700,,SUBMISSION,RAINFOREST_RESIN,SEASHELLS,10002,3
32700,,,PICNIC_BASKET1,SEASHELLS,58688,1
32800,SUBMISSION,,PICNIC_BASKET1,SEASHELLS,58687,23
32800,SUBMISSION,,PICNIC_BASKET1,SEASHELLS,58687,19
32900,SUBMISSION,,PICNIC_BASKET1,SEASHELLS,58681,13
32900,,,KELP,SEASHELLS,2034,1
32900,,,SQUID_INK,SEASHELLS,1834,1
33000,SUBMISSION,,PICNIC_BASKET1,SEASHELLS,58675,11
33100,SUBMISSION,,KELP,SEASHELLS,2034,1
33100,SUBMISSION,,PICNIC_BASKET1,SEASHELLS,58676,13
33100,,,SQUID_INK,SEASHELLS,1836,1
33200,SUBMISSION,,PICNIC_BASKET1,SEASHELLS,58680,11
33200,,,CROISSANTS,SEASHELLS,4276,9
33200,,,DJEMBES,SEASHELLS,13412,6
33300,SUBMISSION,,PICNIC_BASKET1,SEASHELLS,58680,13
33300,,,DJEMBES,SEASHELLS,13411,4
33500,SUBMISSION,,PICNIC_BASKET2,SEASHELLS,30242,1
33600,SUBMISSION,,PICNIC_BASKET2,SEASHELLS,30244,22
33600,SUBMISSION,,PICNIC_BASKET2,SEASHELLS,30244,19
33600,SUBMISSION,,PICNIC_BASKET2,SEASHELLS,30244,2
33600,,,KELP,SEASHELLS,2037,1
33600,,,PICNIC_BASKET1,SEASHELLS,58682,2
33600,,,RAINFOREST_RESIN,SEASHELLS,10004,1
33600,,,SQUID_INK,SEASHELLS,1846,1
33700,SUBMISSION,,PICNIC_BASKET2,SEASHELLS,30247,17
33700,SUBMISSION,,PICNIC_BASKET2,SEASHELLS,30247,2
33700,,SUBMISSION,SQUID_INK,SEASHELLS,1843,4
33800,SUBMISSION,,PICNIC_BASKET2,SEASHELLS,30246,11
33800,SUBMISSION,,PICNIC_BASKET2,SEASHELLS,30246,1
33800,,SUBMISSION,SQUID_INK,SEASHELLS,1845,24
33800,,SUBMISSION,SQUID_INK,SEASHELLS,1845,1
33800,,,JAMS,SEASHELLS,6534,10
33900,,SUBMISSION,SQUID_INK,SEASHELLS,1845,20
34000,SUBMISSION,,PICNIC_BASKET2,SEASHELLS,30246,2
34000,,SUBMISSION,SQUID_INK,SEASHELLS,1846,25
34000,,SUBMISSION,SQUID_INK,SEASHELLS,1846,2
34100,,SUBMISSION,SQUID_INK,SEASHELLS,1845,24
34200,SUBMISSION,,PICNIC_BASKET2,SEASHELLS,30245,20
34200,SUBMISSION,,PICNIC_BASKET2,SEASHELLS,30245,18
34200,SUBMISSION,,PICNIC_BASKET2,SEASHELLS,30245,1
34500,,SUBMISSION,PICNIC_BASKET2,SEASHELLS,30249,8
34600,,SUBMISSION,PICNIC_BASKET2,SEASHELLS,30250,2
34700,,SUBMISSION,PICNIC_BASKET2,SEASHELLS,30249,18
34700,,SUBMISSION,PICNIC_BASKET2,SEASHELLS,30249,20
34700,,,CROISSANTS,SEASHELLS,4278,5
34800,,SUBMISSION,PICNIC_BASKET2,SEASHELLS,30248,19
34800,,SUBMISSION,PICNIC_BASKET2,SEASHELLS,30248,10
34800,,SUBMISSION,RAINFOREST_RESIN,SEASHELLS,10002,4
34800,,,KELP,SEASHELLS,2035,3
34800,,,KELP,SEASHELLS,2035,4
34800,,,RAINFOREST_RESIN,SEASHELLS,10002,1
34800,,,SQUID_INK,SEASHELLS,1848,3
34900,,SUBMISSION,PICNIC_BASKET2,SEASHELLS,30250,26
34900,,SUBMISSION,PICNIC_BASKET2,SEASHELLS,30250,13
35100,,,JAMS,SEASHELLS,6534,8
35200,,,JAMS,SEASHELLS,6533,7
35200,,,KELP,SEASHELLS,2034,1
35200,,,RAINFOREST_RESIN,SEASHELLS,9996,1
35200,,,SQUID_INK,SEASHELLS,1844,1
35400,,,CROISSANTS,SEASHELLS,4278,5
35500,SUBMISSION,,RAINFOREST_RESIN,SEASHELLS,9998,1
35500,,,JAMS,SEASHELLS,6531,7
35700,SUBMISSION,,KELP,SEASHELLS,2035,1
35700,SUBMISSION,,SQUID_INK,SEASHELLS,1844,1
35800,SUBMISSION,,SQUID_INK,SEASHELLS,1846,26
35800,,,JAMS,SEASHELLS,6531,3
35900,SUBMISSION,,SQUID_INK,SEASHELLS,1841,6
35900,,,JAMS,SEASHELLS,6533,5
36000,SUBMISSION,,SQUID_INK,SEASHELLS,1844,24
36000,,,JAMS,SEASHELLS,6531,3
36100,SUBMISSION,,SQUID_INK,SEASHELLS,1844,27
36100,SUBMISSION,,SQUID_INK,SEASHELLS,1844,1
36100,,,DJEMBES,SEASHELLS,13410,2
36200,SUBMISSION,,SQUID_INK,SEASHELLS,1844,2
36400,,SUBMISSION,DJEMBES,SEASHELLS,13410,15
36400,SUBMISSION,,SQUID_INK,SEASHELLS,1844,6
36600,SUBMISSION,,SQUID_INK,SEASHELLS,1844,7
36800,SUBMISSION,,DJEMBES,SEASHELLS,13408,15
36800,SUBMISSION,,RAINFOREST_RESIN,SEASHELLS,9998,1
36900,,SUBMISSION,SQUID_INK,SEASHELLS,1845,22
36900,,SUBMISSION,SQUID_INK,SEASHELLS,1845,2
36900,,,KELP,SEASHELLS,2034,1
36900,,,SQUID_INK,SEASHELLS,1845,1
37000,,,CROISSANTS,SEASHELLS,4278,7
37000,,,PICNIC_BASKET1,SEASHELLS,58645,9
37000,,,PICNIC_BASKET2,SEASHELLS,30259,9
37300,,SUBMISSION,RAINFOREST_RESIN,SEASHELLS,10000,2
37300,SUBMISSION,,SQUID_INK,SEASHELLS,1842,6
37300,,,JAMS,SEASHELLS,6530,9
37300,,,PICNIC_BASKET1,SEASHELLS,58642,10
37300,,,PICNIC_BASKET2,SEASHELLS,30261,10
37400,,,CROISSANTS,SEASHELLS,4276,7
37600,,SUBMISSION,PICNIC_BASKET1,SEASHELLS,58647,19
37600,,SUBMISSION,PICNIC_BASKET1,SEASHELLS,58647,1
37600,,SUBMISSION,SQUID_INK,SEASHELLS,1845,24
37600,,SUBMISSION,SQUID_INK,SEASHELLS,1845,1
37700,,SUBMISSION,KELP,SEASHELLS,2036,1
37700,,SUBMISSION,SQUID_INK,SEASHELLS,1846,1
37800,,SUBMISSION,SQUID_INK,SEASHELLS,1848,25
37800,,SUBMISSION,SQUID_INK,SEASHELLS,1848,1
37800,,,JAMS,SEASHELLS,6529,4
37800,,,KELP,SEASHELLS,2034,2
37800,,,RAINFOREST_RESIN,SEASHELLS,9998,2
37900,,SUBMISSION,PICNIC_BASKET1,SEASHELLS,58644,2
37900,,SUBMISSION,SQUID_INK,SEASHELLS,1848,23
37900,,SUBMISSION,SQUID_INK,SEASHELLS,1848,2
37900,,,KELP,SEASHELLS,2034,4
37900,,,SQUID_INK,SEASHELLS,1848,4
38000,,SUBMISSION,PICNIC_BASKET1,SEASHELLS,58648,14
38000,,SUBMISSION,PICNIC_BASKET1,SEASHELLS,58648,1
38000,,SUBMISSION,SQUID_INK,SEASHELLS,1848,5
38100,,SUBMISSION,PICNIC_BASKET1,SEASHELLS,58647,20
38200,,SUBMISSION,PICNIC_BASKET1,SEASHELLS,58646,1
38300,,,KELP,SEASHELLS,2034,8
38300,,,SQUID_INK,SEASHELLS,1849,8
38400,,SUBMISSION,PICNIC_BASKET1,SEASHELLS,58646,2
38400,,,KELP,SEASHELLS,2034,8
38400,,,SQUID_INK,SEASHELLS,1850,2
38500,SUBMISSION,,CROISSANTS,SEASHELLS,4276,35
38500,SUBMISSION,,CROISSANTS,SEASHELLS,4276,93
38600,SUBMISSION,,CROISSANTS,SEASHELLS,4276,44
38600,SUBMISSION,,CROISSANTS,SEASHELLS,4276,58
38700,SUBMISSION,,CROISSANTS,SEASHELLS,4276,36
38700,SUBMISSION,,PICNIC_BASKET1,SEASHELLS,58644,1
38800,SUBMISSION,,CROISSANTS,SEASHELLS,4276,55
38800,,,RAINFOREST_RESIN,SEASHELLS,10005,5
38900,SUBMISSION,,CROISSANTS,SEASHELLS,4276,39
38900,SUBMISSION,,CROISSANTS,SEASHELLS,4276,56
38900,SUBMISSION,,PICNIC_BASKET1,SEASHELLS,58638,1
38900,SUBMISSION,,PICNIC_BASKET2,SEASHELLS,30260,1
39000,SUBMISSION,,CROISSANTS,SEASHELLS,4275,50
39000,SUBMISSION,,CROISSANTS,SEASHELLS,4275,34
39000,SUBMISSION,,PICNIC_BASKET1,SEASHELLS,58637,10
39100,SUBMISSION,,PICNIC_BASKET1,SEASHELLS,58637,2
39100,SUBMISSION,,PICNIC_BASKET2,SEASHELLS,30262,2
39200,SUBMISSION,,PICNIC_BASKET1,SEASHELLS,58639,2
39300,SUBMISSION,,PICNIC_BASKET1,SEASHELLS,58634,5
39300,SUBMISSION,,PICNIC_BASKET2,SEASHELLS,30259,5
39300,,,PICNIC_BASKET1,SEASHELLS,58639,2
39300,,,PICNIC_BASKET2,SEASHELLS,30263,7
39400,,SUBMISSION,JAMS,SEASHELLS,6531,52
39400,,SUBMISSION,JAMS,SEASHELLS,6531,164
39400,SUBMISSION,,PICNIC_BASKET1,SEASHELLS,58643,2
39500,,SUBMISSION,JAMS,SEASHELLS,6531,100
39500,,SUBMISSION,JAMS,SEASHELLS,6531,167
39500,,SUBMISSION,KELP,SEASHELLS,2036,1
39500,SUBMISSION,,PICNIC_BASKET1,SEASHELLS,58641,2
39500,,,DJEMBES,SEASHELLS,13384,3
39600,,SUBMISSION,JAMS,SEASHELLS,6531,96
39600,,SUBMISSION,JAMS,SEASHELLS,6531,111
39600,,SUBMISSION,PICNIC_BASKET2,SEASHELLS,30265,8
39600,,,CROISSANTS,SEASHELLS,4277,6
39700,,SUBMISSION,CROISSANTS,SEASHELLS,4276,45
39700,,SUBMISSION,JAMS,SEASHELLS,6531,10
39800,SUBMISSION,,PICNIC_BASKET1,SEASHELLS,58640,2
39900,,SUBMISSION,CROISSANTS,SEASHELLS,4276,48
39900,,,CROISSANTS,SEASHELLS,4275,6
40000,,SUBMISSION,CROISSANTS,SEASHELLS,4276,51
40000,,SUBMISSION,CROISSANTS,SEASHELLS,4276,82
40100,,SUBMISSION,CROISSANTS,SEASHELLS,4276,45
40100,,SUBMISSION,CROISSANTS,SEASHELLS,4276,87
40100,,SUBMISSION,CROISSANTS,SEASHELLS,4276,4
40100,,,JAMS,SEASHELLS,6531,4
40200,,SUBMISSION,CROISSANTS,SEASHELLS,4276,54
40200,,SUBMISSION,CROISSANTS,SEASHELLS,4276,84
40200,,,JAMS,SEASHELLS,6531,8
40300,SUBMISSION,,KELP,SEASHELLS,2035,2
40300,SUBMISSION,,KELP,SEASHELLS,2035,5
40300,,,SQUID_INK,SEASHELLS,1851,2
40400,,,JAMS,SEASHELLS,6531,7
40400,,,KELP,SEASHELLS,2034,8
40400,,,SQUID_INK,SEASHELLS,1852,8
40500,,SUBMISSION,DJEMBES,SEASHELLS,13391,16
40500,,SUBMISSION,DJEMBES,SEASHELLS,13391,45
40500,,SUBMISSION,PICNIC_BASKET1,SEASHELLS,58644,1
40500,,,CROISSANTS,SEASHELLS,4277,5
40600,,SUBMISSION,DJEMBES,SEASHELLS,13391,19
40600,,SUBMISSION,DJEMBES,SEASHELLS,13391,40
40600,,SUBMISSION,PICNIC_BASKET1,SEASHELLS,58640,1
40800,SUBMISSION,,DJEMBES,SEASHELLS,13387,25
40800,SUBMISSION,,DJEMBES,SEASHELLS,13387,41
41100,,,DJEMBES,SEASHELLS,13388,3
41100,,,RAINFOREST_RESIN,SEASHELLS,10002,3
41200,,SUBMISSION,RAINFOREST_RESIN,SEASHELLS,10002,1
41200,,,JAMS,SEASHELLS,6531,10
41200,,,KELP,SEASHELLS,2034,1
41200,,,SQUID_INK,SEASHELLS,1852,1
41300,,SUBMISSION,DJEMBES,SEASHELLS,13387,27
41300,,SUBMISSION,DJEMBES,SEASHELLS,13387,39
41300,,,KELP,SEASHELLS,2034,4
41300,,,SQUID_INK,SEASHELLS,1856,4
41400,SUBMISSION,,PICNIC_BASKET1,SEASHELLS,58638,4
41400,SUBMISSION,,RAINFOREST_RESIN,SEASHELLS,9998,3
41400,,,PICNIC_BASKET1,SEASHELLS,58638,2
41400,,,PICNIC_BASKET2,SEASHELLS,30283,6
41600,,,CROISSANTS,SEASHELLS,4278,8
41800,SUBMISSION,,RAINFOREST_RESIN,SEASHELLS,9998,1
41900,,SUBMISSION,PICNIC_BASKET1,SEASHELLS,58641,2
41900,,,JAMS,SEASHELLS,6531,8
42000,,,JAMS,SEASHELLS,6531,5
42100,SUBMISSION,,DJEMBES,SEASHELLS,13386,16
42100,SUBMISSION,,DJEMBES,SEASHELLS,13386,42
42200,SUBMISSION,,DJEMBES,SEASHELLS,13386,15
42200,SUBMISSION,,DJEMBES,SEASHELLS,13386,32
42200,,,CROISSANTS,SEASHELLS,4276,6
42300,SUBMISSION,,DJEMBES,SEASHELLS,13386,15
42300,,SUBMISSION,KELP,SEASHELLS,2036,3
42300,,,SQUID_INK,SEASHELLS,1862,3
42500,,SUBMISSION,RAINFOREST_RESIN,SEASHELLS,10000,3
42600,,,DJEMBES,SEASHELLS,13384,3
42700,SUBMISSION,,PICNIC_BASKET1,SEASHELLS,58638,1
42800,SUBMISSION,,PICNIC_BASKET1,SEASHELLS,58636,2
42800,,,KELP,SEASHELLS,2034,1
42800,,,SQUID_INK,SEASHELLS,1858,1
42900,SUBMISSION,,PICNIC_BASKET2,SEASHELLS,30282,2
42900,,,DJEMBES,SEASHELLS,13382,5
43000,SUBMISSION,,PICNIC_BASKET2,SEASHELLS,30278,1
43100,SUBMISSION,,CROISSANTS,SEASHELLS,4276,56
43100,SUBMISSION,,CROISSANTS,SEASHELLS,4276,64
43100,SUBMISSION,,PICNIC_BASKET2,SEASHELLS,30276,18
43100,SUBMISSION,,PICNIC_BASKET2,SEASHELLS,30276,12
43200,SUBMISSION,,CROISSANTS,SEASHELLS,4276,58
43200,SUBMISSION,,CROISSANTS,SEASHELLS,4276,73
43200,SUBMISSION,,KELP,SEASHELLS,2035,2
43200,,SUBMISSION,PICNIC_BASKET1,SEASHELLS,58640,19
43200,SUBMISSION,,PICNIC_BASKET2,SEASHELLS,30274,17
43200,SUBMISSION,,PICNIC_BASKET2,SEASHELLS,30274,19
43200,,,CROISSANTS,SEASHELLS,4275,8
43200,,,KELP,SEASHELLS,2035,1
43200,,,SQUID_INK,SEASHELLS,1863,1
43200,,,SQUID_INK,SEASHELLS,1863,2
43300,SUBMISSION,,CROISSANTS,SEASHELLS,4276,59
43300,,SUBMISSION,PICNIC_BASKET1,SEASHELLS,58647,14
43300,SUBMISSION,,PICNIC_BASKET2,SEASHELLS,30273,16
43300,SUBMISSION,,PICNIC_BASKET2,SEASHELLS,30273,14
43400,SUBMISSION,,CROISSANTS,SEASHELLS,4276,52
43400,SUBMISSION,,CROISSANTS,SEASHELLS,4276,56
43400,,SUBMISSION,PICNIC_BASKET1,SEASHELLS,58654,5
43400,SUBMISSION,,PICNIC_BASKET2,SEASHELLS,30273,11
43400,,,CROISSANTS,SEASHELLS,4275,8
43400,,,DJEMBES,SEASHELLS,13383,3
43400,,,RAINFOREST_RESIN,SEASHELLS,10005,11
43500,SUBMISSION,,CROISSANTS,SEASHELLS,4276,46
43500,SUBMISSION,,CROISSANTS,SEASHELLS,4276,36
43500,,SUBMISSION,PICNIC_BASKET1,SEASHELLS,58645,1
43500,SUBMISSION,,PICNIC_BASKET2,SEASHELLS,30272,14
43500,SUBMISSION,,PICNIC_BASKET2,SEASHELLS,30272,1
43600,,SUBMISSION,PICNIC_BASKET1,SEASHELLS,58651,1
43600,SUBMISSION,,PICNIC_BASKET2,SEASHELLS,30270,1
43600,SUBMISSION,,SQUID_INK,SEASHELLS,1855,6
43700,SUBMISSION,,KELP,SEASHELLS,2035,5
43700,,SUBMISSION,PICNIC_BASKET1,SEASHELLS,58659,15
43700,,SUBMISSION,PICNIC_BASKET1,SEASHELLS,58659,2
43700,SUBMISSION,,PICNIC_BASKET2,SEASHELLS,30277,15
43700,SUBMISSION,,PICNIC_BASKET2,SEASHELLS,30277,2
43700,,SUBMISSION,RAINFOREST_RESIN,SEASHELLS,10002,1
43700,SUBMISSION,,SQUID_INK,SEASHELLS,1854,5
43700,,,RAINFOREST_RESIN,SEASHELLS,10002,5
43800,,SUBMISSION,PICNIC_BASKET1,SEASHELLS,58659,2
43800,SUBMISSION,,PICNIC_BASKET2,SEASHELLS,30274,2
43800,SUBMISSION,,SQUID_INK,SEASHELLS,1856,30
43800,SUBMISSION,,SQUID_INK,SEASHELLS,1856,2
43800,,,JAMS,SEASHELLS,6534,10
43900,,SUBMISSION,DJEMBES,SEASHELLS,13388,25
43900,,SUBMISSION,PICNIC_BASKET1,SEASHELLS,58658,13
43900,SUBMISSION,,PICNIC_BASKET2,SEASHELLS,30274,13
43900,SUBMISSION,,SQUID_INK,SEASHELLS,1855,26
44000,,SUBMISSION,DJEMBES,SEASHELLS,13389,19
44000,,SUBMISSION,DJEMBES,SEASHELLS,13389,48
44000,,SUBMISSION,PICNIC_BASKET1,SEASHELLS,58657,1
44000,SUBMISSION,,PICNIC_BASKET2,SEASHELLS,30267,8
44000,SUBMISSION,,SQUID_INK,SEASHELLS,1855,22
44000,SUBMISSION,,SQUID_INK,SEASHELLS,1855,1
44100,,SUBMISSION,DJEMBES,SEASHELLS,13389,15
44100,,SUBMISSION,DJEMBES,SEASHELLS,13389,13
44100,,SUBMISSION,PICNIC_BASKET1,SEASHELLS,58655,2
44100,SUBMISSION,,PICNIC_BASKET2,SEASHELLS,30272,20
44100,SUBMISSION,,PICNIC_BASKET2,SEASHELLS,30272,2
44100,SUBMISSION,,SQUID_INK,SEASHELLS,1852,8
44100,,,CROISSANTS,SEASHELLS,4274,7
44200,,SUBMISSION,PICNIC_BASKET1,SEASHELLS,58653,13
44200,SUBMISSION,,PICNIC_BASKET2,SEASHELLS,30272,12
44300,,SUBMISSION,PICNIC_BASKET1,SEASHELLS,58651,2
44300,,,DJEMBES,SEASHELLS,13389,2
44600,SUBMISSION,,JAMS,SEASHELLS,6533,97
44700,SUBMISSION,,JAMS,SEASHELLS,6533,53
44700,SUBMISSION,,PICNIC_BASKET1,SEASHELLS,58647,14
44800,SUBMISSION,,JAMS,SEASHELLS,6532,81
44800,SUBMISSION,,PICNIC_BASKET1,SEASHELLS,58635,1
44800,,,JAMS,SEASHELLS,6531,4
44800,,,PICNIC_BASKET1,SEASHELLS,58626,1
44800,,,PICNIC_BASKET1,SEASHELLS,58625,1
44800,,,PICNIC_BASKET2,SEASHELLS,30255,1
44800,,,PICNIC_BASKET2,SEASHELLS,30254,1
44900,SUBMISSION,,JAMS,SEASHELLS,6532,93
44900,SUBMISSION,,PICNIC_BASKET1,SEASHELLS,58636,12
44900,,,KELP,SEASHELLS,2036,1
44900,,,SQUID_INK,SEASHELLS,1851,1
45000,SUBMISSION,,DJEMBES,SEASHELLS,13386,24
45000,SUBMISSION,,DJEMBES,SEASHELLS,13386,48
45000,SUBMISSION,,JAMS,SEASHELLS,6533,82
45000,SUBMISSION,,JAMS,SEASHELLS,6533,168
45000,SUBMISSION,,PICNIC_BASKET1,SEASHELLS,58629,1
45000,,,KELP,SEASHELLS,2034,1
45000,,,SQUID_INK,SEASHELLS,1847,1
45100,SUBMISSION,,DJEMBES,SEASHELLS,13385,22
45100,SUBMISSION,,JAMS,SEASHELLS,6532,73
45100,SUBMISSION,,PICNIC_BASKET1,SEASHELLS,58622,1
45200,SUBMISSION,,DJEMBES,SEASHELLS,13386,15
45200,SUBMISSION,,DJEMBES,SEASHELLS,13386,11
45200,SUBMISSION,,JAMS,SEASHELLS,6532,53
45200,SUBMISSION,,PICNIC_BASKET1,SEASHELLS,58624,11
45200,,,PICNIC_BASKET1,SEASHELLS,58625,7
45200,,,PICNIC_BASKET2,SEASHELLS,30259,7
45300,SUBMISSION,,PICNIC_BASKET1,SEASHELLS,58621,1
45400,SUBMISSION,,PICNIC_BASKET1,SEASHELLS,58618,2
45400,SUBMISSION,,RAINFOREST_RESIN,SEASHELLS,9998,6
45500,SUBMISSION,,PICNIC_BASKET1,SEASHELLS,58617,20
45500,SUBMISSION,,PICNIC_BASKET1,SEASHELLS,58617,2
45500,SUBMISSION,,RAINFOREST_RESIN,SEASHELLS,9998,1
45500,,,JAMS,SEASHELLS,6531,9
45600,SUBMISSION,,PICNIC_BASKET1,SEASHELLS,58618,1
45600,,,KELP,SEASHELLS,2034,1
45600,,,SQUID_INK,SEASHELLS,1847,1
45700,SUBMISSION,,PICNIC_BASKET1,SEASHELLS,58620,1
45700,,SUBMISSION,PICNIC_BASKET2,SEASHELLS,30263,17
45700,,SUBMISSION,PICNIC_BASKET2,SEASHELLS,30263,1
45800,SUBMISSION,,PICNIC_BASKET1,SEASHELLS,58622,2
45800,,SUBMISSION,PICNIC_BASKET2,SEASHELLS,30263,10
45800,,SUBMISSION,PICNIC_BASKET2,SEASHELLS,30263,2
45900,SUBMISSION,,KELP,SEASHELLS,2035,2
45900,SUBMISSION,,PICNIC_BASKET1,SEASHELLS,58620,19
45900,,SUBMISSION,PICNIC_BASKET2,SEASHELLS,30263,19
46000,SUBMISSION,,PICNIC_BASKET1,SEASHELLS,58619,1
46000,,SUBMISSION,PICNIC_BASKET2,SEASHELLS,30263,1
46100,SUBMISSION,,PICNIC_BASKET1,SEASHELLS,58613,1
46200,SUBMISSION,,PICNIC_BASKET1,SEASHELLS,58616,1
46300,SUBMISSION,,PICNIC_BASKET1,SEASHELLS,58618,1
46300,,,RAINFOREST_RESIN,SEASHELLS,10004,1
46300,,,RAINFOREST_RESIN,SEASHELLS,10004,3
46400,SUBMISSION,,PICNIC_BASKET1,SEASHELLS,58617,1
46400,,SUBMISSION,PICNIC_BASKET2,SEASHELLS,30263,1
46500,SUBMISSION,,KELP,SEASHELLS,2035,5
46500,SUBMISSION,,PICNIC_BASKET1,SEASHELLS,58616,1
46500,,SUBMISSION,PICNIC_BASKET2,SEASHELLS,30263,1
46500,,,CROISSANTS,SEASHELLS,4272,5
46500,,,KELP,SEASHELLS,2035,1
46500,,,SQUID_INK,SEASHELLS,1847,1
46600,,SUBMISSION,CROISSANTS,SEASHELLS,4274,40
46600,,SUBMISSION,PICNIC_BASKET2,SEASHELLS,30266,16
46600,,SUBMISSION,PICNIC_BASKET2,SEASHELLS,30266,2
46700,,SUBMISSION,PICNIC_BASKET1,SEASHELLS,58619,2
46700,,SUBMISSION,PICNIC_BASKET2,SEASHELLS,30268,2
46700,,SUBMISSION,RAINFOREST_RESIN,SEASHELLS,10002,2
46800,,SUBMISSION,DJEMBES,SEASHELLS,13385,25
46800,,SUBMISSION,DJEMBES,SEASHELLS,13385,45
46800,,SUBMISSION,PICNIC_BASKET1,SEASHELLS,58618,2
46800,,SUBMISSION,PICNIC_BASKET2,SEASHELLS,30264,2
46800,,,CROISSANTS,SEASHELLS,4275,6
46900,,SUBMISSION,DJEMBES,SEASHELLS,13385,15
46900,,SUBMISSION,DJEMBES,SEASHELLS,13385,35
46900,,SUBMISSION,PICNIC_BASKET1,SEASHELLS,58620,1
46900,,SUBMISSION,PICNIC_BASKET2,SEASHELLS,30268,1
47000,,SUBMISSION,PICNIC_BASKET1,SEASHELLS,58623,1
47000,,SUBMISSION,PICNIC_BASKET2,SEASHELLS,30270,1
47100,,SUBMISSION,PICNIC_BASKET1,SEASHELLS,58621,11
47100,,SUBMISSION,PICNIC_BASKET2,SEASHELLS,30269,26
47100,,SUBMISSION,PICNIC_BASKET2,SEASHELLS,30269,11
47100,,,JAMS,SEASHELLS,6528,3
47100,,,KELP,SEASHELLS,2033,1
47100,,,RAINFOREST_RESIN,SEASHELLS,10005,8
47100,,,SQUID_INK,SEASHELLS,1843,1
47200,,SUBMISSION,PICNIC_BASKET1,SEASHELLS,58624,2
47200,,SUBMISSION,PICNIC_BASKET2,SEASHELLS,30270,2
47200,,,CROISSANTS,SEASHELLS,4273,7
47200,,,KELP,SEASHELLS,2033,8
47300,,SUBMISSION,PICNIC_BASKET1,SEASHELLS,58630,1
47300,,SUBMISSION,PICNIC_BASKET2,SEASHELLS,30272,1
47400,,SUBMISSION,PICNIC_BASKET1,SEASHELLS,58625,18
47400,,SUBMISSION,PICNIC_BASKET2,SEASHELLS,30274,18
47400,SUBMISSION,,RAINFOREST_RESIN,SEASHELLS,9998,1
47400,,,KELP,SEASHELLS,2033,1
47400,,,RAINFOREST_RESIN,SEASHELLS,9995,1
47400,,,SQUID_INK,SEASHELLS,1845,1
47500,,SUBMISSION,PICNIC_BASKET1,SEASHELLS,58637,1
47500,,SUBMISSION,PICNIC_BASKET2,SEASHELLS,30276,1
47500,,,KELP,SEASHELLS,2036,1
47500,,,RAINFOREST_RESIN,SEASHELLS,10004,1
47500,,,SQUID_INK,SEASHELLS,1849,1
47600,,SUBMISSION,PICNIC_BASKET1,SEASHELLS,58634,12
47600,,SUBMISSION,PICNIC_BASKET2,SEASHELLS,30274,12
47600,,,JAMS,SEASHELLS,6530,9
47700,,SUBMISSION,PICNIC_BASKET1,SEASHELLS,58637,2
47700,,SUBMISSION,PICNIC_BASKET2,SEASHELLS,30276,14
47700,,SUBMISSION,PICNIC_BASKET2,SEASHELLS,30276,2
47700,,,CROISSANTS,SEASHELLS,4273,5
47800,,SUBMISSION,PICNIC_BASKET1,SEASHELLS,58638,1
47800,,SUBMISSION,PICNIC_BASKET2,SEASHELLS,30277,16
47800,,SUBMISSION,PICNIC_BASKET2,SEASHELLS,30277,1
47800,SUBMISSION,,RAINFOREST_RESIN,SEASHELLS,9998,1
47800,,,CROISSANTS,SEASHELLS,4274,7
47900,,SUBMISSION,PICNIC_BASKET1,SEASHELLS,58639,16
47900,,SUBMISSION,PICNIC_BASKET1,SEASHELLS,58639,15
47900,,SUBMISSION,PICNIC_BASKET2,SEASHELLS,30278,15
47900,SUBMISSION,,RAINFOREST_RESIN,SEASHELLS,9998,1
48000,,SUBMISSION,PICNIC_BASKET1,SEASHELLS,58637,1
48000,,SUBMISSION,PICNIC_BASKET2,SEASHELLS,30275,5
48000,SUBMISSION,,RAINFOREST_RESIN,SEASHELLS,9998,3
48000,,,JAMS,SEASHELLS,6531,10
48100,,SUBMISSION,PICNIC_BASKET1,SEASHELLS,58633,8
48200,,SUBMISSION,RAINFOREST_RESIN,SEASHELLS,10002,3
48200,,SUBMISSION,RAINFOREST_RESIN,SEASHELLS,10002,1
48200,,,JAMS,SEASHELLS,6529,4
48300,SUBMISSION,,CROISSANTS,SEASHELLS,4273,40
48300,,SUBMISSION,RAINFOREST_RESIN,SEASHELLS,10002,1
48300,,,PICNIC_BASKET1,SEASHELLS,58636,2
48300,,,PICNIC_BASKET2,SEASHELLS,30281,8
48300,,,RAINFOREST_RESIN,SEASHELLS,9996,2
48400,SUBMISSION,,DJEMBES,SEASHELLS,13386,19
48400,SUBMISSION,,DJEMBES,SEASHELLS,13386,47
48400,,,KELP,SEASHELLS,2033,1
48400,,,SQUID_INK,SEASHELLS,1838,1
48500,SUBMISSION,,DJEMBES,SEASHELLS,13386,22
48500,SUBMISSION,,DJEMBES,SEASHELLS,13386,32
48500,,SUBMISSION,KELP,SEASHELLS,2035,1
48500,,,RAINFOREST_RESIN,SEASHELLS,10005,10
48700,,SUBMISSION,DJEMBES,SEASHELLS,13388,20
48700,,SUBMISSION,DJEMBES,SEASHELLS,13388,42
48800,,SUBMISSION,DJEMBES,SEASHELLS,13388,22
48900,SUBMISSION,,RAINFOREST_RESIN,SEASHELLS,9998,1
49000,,,JAMS,SEASHELLS,6530,5
49000,,,KELP,SEASHELLS,2033,2
49000,,,RAINFOREST_RESIN,SEASHELLS,9995,2
49000,,,SQUID_INK,SEASHELLS,1838,2
49100,,,KELP,SEASHELLS,2033,1
49100,,,SQUID_INK,SEASHELLS,1834,1
49200,SUBMISSION,,DJEMBES,SEASHELLS,13387,26
49200,SUBMISSION,,DJEMBES,SEASHELLS,13387,42
49200,,,CROISSANTS,SEASHELLS,4271,8
49300,SUBMISSION,,DJEMBES,SEASHELLS,13387,16
49300,,SUBMISSION,JAMS,SEASHELLS,6530,91
49300,,SUBMISSION,JAMS,SEASHELLS,6530,12
49300,,SUBMISSION,KELP,SEASHELLS,2035,2
49300,,SUBMISSION,RAINFOREST_RESIN,SEASHELLS,10000,3
49300,,,KELP,SEASHELLS,2034,1
49300,,,RAINFOREST_RESIN,SEASHELLS,10004,1
49300,,,SQUID_INK,SEASHELLS,1834,1
49400,,SUBMISSION,JAMS,SEASHELLS,6530,77
49400,,SUBMISSION,JAMS,SEASHELLS,6530,117
49400,,SUBMISSION,KELP,SEASHELLS,2036,1
49400,SUBMISSION,,PICNIC_BASKET1,SEASHELLS,58637,1
49400,,,JAMS,SEASHELLS,6532,8
49500,,SUBMISSION,KELP,SEASHELLS,2036,1
49500,SUBMISSION,,PICNIC_BASKET1,SEASHELLS,58636,1
49500,,SUBMISSION,RAINFOREST_RESIN,SEASHELLS,10002,4
49500,,,JAMS,SEASHELLS,6529,6
49600,SUBMISSION,,JAMS,SEASHELLS,6529,50
49600,SUBMISSION,,PICNIC_BASKET1,SEASHELLS,58631,2
49600,SUBMISSION,,PICNIC_BASKET2,SEASHELLS,30279,2
49600,,,CROISSANTS,SEASHELLS,4272,6
49700,SUBMISSION,,JAMS,SEASHELLS,6529,83
49700,SUBMISSION,,PICNIC_BASKET1,SEASHELLS,58630,12
49700,SUBMISSION,,PICNIC_BASKET2,SEASHELLS,30278,12
49800,SUBMISSION,,JAMS,SEASHELLS,6529,91
49800,SUBMISSION,,PICNIC_BASKET1,SEASHELLS,58628,17
49800,SUBMISSION,,PICNIC_BASKET1,SEASHELLS,58628,2
49800,SUBMISSION,,PICNIC_BASKET2,SEASHELLS,30278,17
49800,SUBMISSION,,PICNIC_BASKET2,SEASHELLS,30278,2
49800,SUBMISSION,,RAINFOREST_RESIN,SEASHELLS,9998,1
49900,SUBMISSION,,JAMS,SEASHELLS,6529,67
49900,SUBMISSION,,JAMS,SEASHELLS,6529,6
49900,SUBMISSION,,PICNIC_BASKET1,SEASHELLS,58628,12
50000,SUBMISSION,,PICNIC_BASKET1,SEASHELLS,58631,2
50000,SUBMISSION,,PICNIC_BASKET2,SEASHELLS,30278,15
50000,SUBMISSION,,PICNIC_BASKET2,SEASHELLS,30278,2
50000,,,JAMS,SEASHELLS,6529,6
50200,,SUBMISSION,DJEMBES,SEASHELLS,13388,30
50200,,SUBMISSION,DJEMBES,SEASHELLS,13388,37
50200,SUBMISSION,,PICNIC_BASKET1,SEASHELLS,58632,1
50200,,,PICNIC_BASKET1,SEASHELLS,58623,1
50200,,,PICNIC_BASKET2,SEASHELLS,30274,5
50300,,SUBMISSION,DJEMBES,SEASHELLS,13387,29
50300,,SUBMISSION,DJEMBES,SEASHELLS,13387,24
50300,SUBMISSION,,PICNIC_BASKET1,SEASHELLS,58631,1
50300,SUBMISSION,,PICNIC_BASKET2,SEASHELLS,30278,15
50300,SUBMISSION,,PICNIC_BASKET2,SEASHELLS,30278,1
50300,,SUBMISSION,RAINFOREST_RESIN,SEASHELLS,10002,1
50400,SUBMISSION,,PICNIC_BASKET1,SEASHELLS,58632,1
50400,SUBMISSION,,PICNIC_BASKET2,SEASHELLS,30277,20
50400,SUBMISSION,,PICNIC_BASKET2,SEASHELLS,30277,1
50400,,,KELP,SEASHELLS,2034,1
50400,,,SQUID_INK,SEASHELLS,1831,1
50500,SUBMISSION,,PICNIC_BASKET1,SEASHELLS,58627,10
50500,SUBMISSION,,PICNIC_BASKET2,SEASHELLS,30272,29
50500,SUBMISSION,,PICNIC_BASKET2,SEASHELLS,30272,10
50500,,,CROISSANTS,SEASHELLS,4271,6
50500,,,KELP,SEASHELLS,2034,1
50500,,,RAINFOREST_RESIN,SEASHELLS,9995,1
50500,,,SQUID_INK,SEASHELLS,1831,1
50600,,SUBMISSION,KELP,SEASHELLS,2036,1
50600,SUBMISSION,,PICNIC_BASKET1,SEASHELLS,58612,7
50600,SUBMISSION,,PICNIC_BASKET2,SEASHELLS,30267,7
50600,,,KELP,SEASHELLS,2037,2
50600,,,RAINFOREST_RESIN,SEASHELLS,10004,1
50600,,,RAINFOREST_RESIN,SEASHELLS,10004,1
50600,,,SQUID_INK,SEASHELLS,1834,2
50600,,,SQUID_INK,SEASHELLS,1833,1
50700,SUBMISSION,,PICNIC_BASKET1,SEASHELLS,58612,11
50700,SUBMISSION,,PICNIC_BASKET2,SEASHELLS,30275,19
50700,SUBMISSION,,PICNIC_BASKET2,SEASHELLS,30275,11
50800,SUBMISSION,,PICNIC_BASKET1,SEASHELLS,58618,2
50800,,,DJEMBES,SEASHELLS,13389,1
50900,SUBMISSION,,PICNIC_BASKET1,SEASHELLS,58623,16
50900,,SUBMISSION,PICNIC_BASKET2,SEASHELLS,30277,6
50900,SUBMISSION,,RAINFOREST_RESIN,SEASHELLS,9998,1
50900,,,KELP,SEASHELLS,2034,1
50900,,,SQUID_INK,SEASHELLS,1831,1
51000,SUBMISSION,,PICNIC_BASKET1,SEASHELLS,58618,1
51000,,SUBMISSION,PICNIC_BASKET2,SEASHELLS,30277,1
51100,SUBMISSION,,PICNIC_BASKET1,SEASHELLS,58621,1
51100,,,KELP,SEASHELLS,2034,15
51100,,,RAINFOREST_RESIN,SEASHELLS,9996,1
51100,,,RAINFOREST_RESIN,SEASHELLS,9996,10
51100,,,SQUID_INK,SEASHELLS,1831,15
51200,,SUBMISSION,CROISSANTS,SEASHELLS,4272,64
51200,,SUBMISSION,CROISSANTS,SEASHELLS,4272,57
51200,,SUBMISSION,PICNIC_BASKET2,SEASHELLS,30280,28
51200,,SUBMISSION,PICNIC_BASKET2,SEASHELLS,30280,16
51200,,,KELP,SEASHELLS,2034,2
51200,,,RAINFOREST_RESIN,SEASHELLS,9995,2
51200,,,SQUID_INK,SEASHELLS,1831,2
51300,,SUBMISSION,CROISSANTS,SEASHELLS,4273,41
51300,,SUBMISSION,CROISSANTS,SEASHELLS,4273,72
51300,,SUBMISSION,PICNIC_BASKET1,SEASHELLS,58625,12
51300,,SUBMISSION,PICNIC_BASKET2,SEASHELLS,30282,30
51300,,SUBMISSION,PICNIC_BASKET2,SEASHELLS,30282,12
51300,,,RAINFOREST_RESIN,SEASHELLS,10005,6
51400,,SUBMISSION,CROISSANTS,SEASHELLS,4273,61
51400,,SUBMISSION,CROISSANTS,SEASHELLS,4273,71
51400,,SUBMISSION,PICNIC_BASKET1,SEASHELLS,58624,20
51400,,SUBMISSION,PICNIC_BASKET1,SEASHELLS,58624,1
51400,,SUBMISSION,PICNIC_BASKET2,SEASHELLS,30285,1
51500,,SUBMISSION,CROISSANTS,SEASHELLS,4274,35
51500,,SUBMISSION,CROISSANTS,SEASHELLS,4274,82
51500,,SUBMISSION,JAMS,SEASHELLS,6529,82
51500,SUBMISSION,,KELP,SEASHELLS,2035,3
51500,,SUBMISSION,PICNIC_BASKET1,SEASHELLS,58629,2
51500,,SUBMISSION,PICNIC_BASKET2,SEASHELLS,30290,14
51500,,SUBMISSION,PICNIC_BASKET2,SEASHELLS,30290,2
51500,,,KELP,SEASHELLS,2037,13
51500,,,SQUID_INK,SEASHELLS,1830,3
51600,,SUBMISSION,CROISSANTS,SEASHELLS,4274,17
51600,,SUBMISSION,JAMS,SEASHELLS,6529,64
51600,,SUBMISSION,JAMS,SEASHELLS,6529,8
51600,,SUBMISSION,PICNIC_BASKET1,SEASHELLS,58626,12
51600,,SUBMISSION,PICNIC_BASKET2,SEASHELLS,30286,21
51600,,SUBMISSION,PICNIC_BASKET2,SEASHELLS,30286,12
51600,,,KELP,SEASHELLS,2034,1
51600,,,SQUID_INK,SEASHELLS,1828,1
51700,,SUBMISSION,JAMS,SEASHELLS,6529,80
51700,,SUBMISSION,JAMS,SEASHELLS,6529,161
51700,,SUBMISSION,PICNIC_BASKET1,SEASHELLS,58633,2
51700,,SUBMISSION,PICNIC_BASKET2,SEASHELLS,30290,14
51700,,SUBMISSION,PICNIC_BASKET2,SEASHELLS,30290,2
51800,,SUBMISSION,JAMS,SEASHELLS,6529,84
51800,,SUBMISSION,JAMS,SEASHELLS,6529,101
51800,,SUBMISSION,PICNIC_BASKET1,SEASHELLS,58636,10
51800,,SUBMISSION,PICNIC_BASKET2,SEASHELLS,30284,4
51900,,SUBMISSION,JAMS,SEASHELLS,6529,75
51900,,SUBMISSION,JAMS,SEASHELLS,6529,45
51900,,SUBMISSION,PICNIC_BASKET1,SEASHELLS,58634,14
51900,,,RAINFOREST_RESIN,SEASHELLS,9995,4
52000,,SUBMISSION,KELP,SEASHELLS,2036,3
52000,,SUBMISSION,PICNIC_BASKET1,SEASHELLS,58636,1
52100,,SUBMISSION,PICNIC_BASKET1,SEASHELLS,58638,19
52100,SUBMISSION,,PICNIC_BASKET2,SEASHELLS,30280,25
52100,SUBMISSION,,PICNIC_BASKET2,SEASHELLS,30280,19
52100,,,DJEMBES,SEASHELLS,13390,5
52200,SUBMISSION,,KELP,SEASHELLS,2035,2
52200,,SUBMISSION,PICNIC_BASKET1,SEASHELLS,58631,2
52200,SUBMISSION,,PICNIC_BASKET2,SEASHELLS,30275,2
52300,SUBMISSION,,KELP,SEASHELLS,2035,1
52300,SUBMISSION,,PICNIC_BASKET2,SEASHELLS,30275,17
52300,SUBMISSION,,PICNIC_BASKET2,SEASHELLS,30275,2
52300,,,DJEMBES,SEASHELLS,13390,5
52400,,SUBMISSION,PICNIC_BASKET1,SEASHELLS,58634,1
52400,SUBMISSION,,PICNIC_BASKET2,SEASHELLS,30277,1
52400,,SUBMISSION,SQUID_INK,SEASHELLS,1835,4
52500,,SUBMISSION,PICNIC_BASKET1,SEASHELLS,58631,4
52500,SUBMISSION,,PICNIC_BASKET2,SEASHELLS,30272,2
52500,SUBMISSION,,RAINFOREST_RESIN,SEASHELLS,9998,1
52500,,SUBMISSION,SQUID_INK,SEASHELLS,1834,26
52500,,SUBMISSION,SQUID_INK,SEASHELLS,1834,2
52500,,,DJEMBES,SEASHELLS,13390,4
52500,,,PICNIC_BASKET1,SEASHELLS,58632,2
52500,,,PICNIC_BASKET1,SEASHELLS,58632,2
52500,,,PICNIC_BASKET2,SEASHELLS,30267,4
52600,SUBMISSION,,DJEMBES,SEASHELLS,13388,24
52600,SUBMISSION,,DJEMBES,SEASHELLS,13388,49
52600,SUBMISSION,,PICNIC_BASKET2,SEASHELLS,30275,24
52600,SUBMISSION,,PICNIC_BASKET2,SEASHELLS,30275,14
52600,,SUBMISSION,RAINFOREST_RESIN,SEASHELLS,10000,2
52600,,SUBMISSION,SQUID_INK,SEASHELLS,1835,3
52600,,,RAINFOREST_RESIN,SEASHELLS,9998,1
52700,SUBMISSION,,DJEMBES,SEASHELLS,13388,20
52700,SUBMISSION,,PICNIC_BASKET2,SEASHELLS,30273,10
52700,SUBMISSION,,PICNIC_BASKET2,SEASHELLS,30273,2
52700,,SUBMISSION,SQUID_INK,SEASHELLS,1836,26
52700,,SUBMISSION,SQUID_INK,SEASHELLS,1836,2
52700,,,RAINFOREST_RESIN,SEASHELLS,10004,2
52700,,,RAINFOREST_RESIN,SEASHELLS,10004,6
52800,SUBMISSION,,CROISSANTS,SEASHELLS,4272,63
52800,SUBMISSION,,DJEMBES,SEASHELLS,13387,27
52800,SUBMISSION,,JAMS,SEASHELLS,6528,76
52800,SUBMISSION,,JAMS,SEASHELLS,6528,183
52800,SUBMISSION,,PICNIC_BASKET2,SEASHELLS,30271,30
52800,SUBMISSION,,PICNIC_BASKET2,SEASHELLS,30271,20
52800,SUBMISSION,,PICNIC_BASKET2,SEASHELLS,30271,1
52800,,SUBMISSION,SQUID_INK,SEASHELLS,1837,30
52800,,SUBMISSION,SQUID_INK,SEASHELLS,1837,1
52900,SUBMISSION,,PICNIC_BASKET2,SEASHELLS,30274,1
52900,,SUBMISSION,SQUID_INK,SEASHELLS,1839,6
53000,,SUBMISSION,KELP,SEASHELLS,2036,1
53000,SUBMISSION,,PICNIC_BASKET2,SEASHELLS,30274,19
53000,SUBMISSION,,PICNIC_BASKET2,SEASHELLS,30274,1
53000,,,DJEMBES,SEASHELLS,13387,2
53000,,,KELP,SEASHELLS,2033,1
53000,,,RAINFOREST_RESIN,SEASHELLS,9996,1
53000,,,SQUID_INK,SEASHELLS,1842,1
53100,SUBMISSION,,CROISSANTS,SEASHELLS,4272,63
53100,SUBMISSION,,PICNIC_BASKET1,SEASHELLS,58632,1
53100,SUBMISSION,,PICNIC_BASKET2,SEASHELLS,30271,1
53100,,,DJEMBES,SEASHELLS,13389,5
53200,SUBMISSION,,CROISSANTS,SEASHELLS,4272,54
53200,SUBMISSION,,CROISSANTS,SEASHELLS,4272,68
53200,SUBMISSION,,PICNIC_BASKET1,SEASHELLS,58628,2
53200,SUBMISSION,,PICNIC_BASKET2,SEASHELLS,30271,9
53200,SUBMISSION,,RAINFOREST_RESIN,SEASHELLS,9998,5
53300,SUBMISSION,,CROISSANTS,SEASHELLS,4272,50
53300,SUBMISSION,,CROISSANTS,SEASHELLS,4272,84
53300,SUBMISSION,,JAMS,SEASHELLS,6527,9
53300,SUBMISSION,,PICNIC_BASKET1,SEASHELLS,58619,6
53400,SUBMISSION,,CROISSANTS,SEASHELLS,4272,63
53400,SUBMISSION,,CROISSANTS,SEASHELLS,4272,55
53400,SUBMISSION,,JAMS,SEASHELLS,6528,84
53400,SUBMISSION,,PICNIC_BASKET1,SEASHELLS,58621,16
53400,,,CROISSANTS,SEASHELLS,4271,6
53500,SUBMISSION,,PICNIC_BASKET1,SEASHELLS,58619,1
53600,,SUBMISSION,KELP,SEASHELLS,2036,1
53600,SUBMISSION,,PICNIC_BASKET1,SEASHELLS,58622,1
53600,,,KELP,SEASHELLS,2037,1
53600,,,RAINFOREST_RESIN,SEASHELLS,10004,1
53600,,,SQUID_INK,SEASHELLS,1843,1
53700,SUBMISSION,,PICNIC_BASKET1,SEASHELLS,58625,11
53700,,,JAMS,SEASHELLS,6528,10
53800,,,DJEMBES,SEASHELLS,13387,2
53900,,,CROISSANTS,SEASHELLS,4271,7
53900,,,KELP,SEASHELLS,2037,1
53900,,,RAINFOREST_RESIN,SEASHELLS,10005,1
53900,,,SQUID_INK,SEASHELLS,1841,1
54000,SUBMISSION,,JAMS,SEASHELLS,6528,86
54100,,,KELP,SEASHELLS,2034,1
54100,,,SQUID_INK,SEASHELLS,1838,1
54200,,SUBMISSION,PICNIC_BASKET1,SEASHELLS,58631,11
54200,,,DJEMBES,SEASHELLS,13386,1
54300,,SUBMISSION,CROISSANTS,SEASHELLS,4272,62
54300,,SUBMISSION,CROISSANTS,SEASHELLS,4272,53
54300,,SUBMISSION,PICNIC_BASKET1,SEASHELLS,58638,15
54300,,SUBMISSION,PICNIC_BASKET1,SEASHELLS,58638,1
54300,,SUBMISSION,PICNIC_BASKET2,SEASHELLS,30271,15
54300,,SUBMISSION,PICNIC_BASKET2,SEASHELLS,30271,1
54300,SUBMISSION,,SQUID_INK,SEASHELLS,1839,24
54300,SUBMISSION,,SQUID_INK,SEASHELLS,1839,1
54300,,,JAMS,SEASHELLS,6529,6
54400,,SUBMISSION,CROISSANTS,SEASHELLS,4272,49
54400,,SUBMISSION,CROISSANTS,SEASHELLS,4272,85
54400,,SUBMISSION,PICNIC_BASKET1,SEASHELLS,58641,4
54400,,SUBMISSION,PICNIC_BASKET2,SEASHELLS,30275,4
54400,SUBMISSION,,SQUID_INK,SEASHELLS,1839,30
54500,,SUBMISSION,CROISSANTS,SEASHELLS,4273,36
54500,,SUBMISSION,CROISSANTS,SEASHELLS,4273,77
54500,,SUBMISSION,JAMS,SEASHELLS,6529,77
54500,,SUBMISSION,JAMS,SEASHELLS,6529,155
54500,,SUBMISSION,PICNIC_BASKET1,SEASHELLS,58646,7
54500,,SUBMISSION,PICNIC_BASKET2,SEASHELLS,30275,18
54500,,SUBMISSION,PICNIC_BASKET2,SEASHELLS,30275,20
54500,SUBMISSION,,SQUID_INK,SEASHELLS,1837,6
54500,,,KELP,SEASHELLS,2034,1
54500,,,SQUID_INK,SEASHELLS,1835,1
54600,,SUBMISSION,CROISSANTS,SEASHELLS,4273,63
54600,,SUBMISSION,CROISSANTS,SEASHELLS,4273,75
54600,,SUBMISSION,JAMS,SEASHELLS,6530,98
54600,,SUBMISSION,JAMS,SEASHELLS,6530,108
54600,,SUBMISSION,PICNIC_BASKET2,SEASHELLS,30276,26
54600,,SUBMISSION,PICNIC_BASKET2,SEASHELLS,30276,16
54600,SUBMISSION,,SQUID_INK,SEASHELLS,1839,29
54700,,SUBMISSION,PICNIC_BASKET2,SEASHELLS,30275,1
54800,,SUBMISSION,PICNIC_BASKET2,SEASHELLS,30273,1
54800,,SUBMISSION,SQUID_INK,SEASHELLS,1840,24
54800,,SUBMISSION,SQUID_INK,SEASHELLS,1840,1
54800,,,DJEMBES,SEASHELLS,13385,1
54800,,,KELP,SEASHELLS,2034,1
54800,,,SQUID_INK,SEASHELLS,1840,1
55000,,,JAMS,SEASHELLS,6531,8
55100,,,CROISSANTS,SEASHELLS,4273,7
55100,,,JAMS,SEASHELLS,6530,9
55200,,,CROISSANTS,SEASHELLS,4274,5
55300,SUBMISSION,,SQUID_INK,SEASHELLS,1838,6
55400,SUBMISSION,,RAINFOREST_RESIN,SEASHELLS,9998,1
55400,SUBMISSION,,SQUID_INK,SEASHELLS,1839,24
55400,SUBMISSION,,SQUID_INK,SEASHELLS,1839,1
55400,,,JAMS,SEASHELLS,6530,5
55500,,SUBMISSION,SQUID_INK,SEASHELLS,1840,23
55600,,SUBMISSION,RAINFOREST_RESIN,SEASHELLS,10002,2
55600,,SUBMISSION,SQUID_INK,SEASHELLS,1841,2
55700,,SUBMISSION,SQUID_INK,SEASHELLS,1840,20
55700,,SUBMISSION,SQUID_INK,SEASHELLS,1840,2
55800,,SUBMISSION,PICNIC_BASKET2,SEASHELLS,30275,15
55800,,SUBMISSION,PICNIC_BASKET2,SEASHELLS,30275,2
55800,,SUBMISSION,RAINFOREST_RESIN,SEASHELLS,10002,1
55900,,SUBMISSION,PICNIC_BASKET2,SEASHELLS,30274,19
55900,,,KELP,SEASHELLS,2034,1
55900,,,SQUID_INK,SEASHELLS,1839,1
56000,,SUBMISSION,PICNIC_BASKET2,SEASHELLS,30276,23
56000,,SUBMISSION,PICNIC_BASKET2,SEASHELLS,30276,16
56000,,SUBMISSION,PICNIC_BASKET2,SEASHELLS,30276,1
56000,SUBMISSION,,SQUID_INK,SEASHELLS,1839,1
56000,,,KELP,SEASHELLS,2037,1
56000,,,RAINFOREST_RESIN,SEASHELLS,9998,5
56000,,,RAINFOREST_RESIN,SEASHELLS,10004,1
56000,,,SQUID_INK,SEASHELLS,1840,1
56100,SUBMISSION,,KELP,SEASHELLS,2034,1
56100,,SUBMISSION,PICNIC_BASKET2,SEASHELLS,30276,19
56100,,SUBMISSION,PICNIC_BASKET2,SEASHELLS,30276,3
56100,,,CROISSANTS,SEASHELLS,4274,8
56100,,,KELP,SEASHELLS,2037,8
56100,,,SQUID_INK,SEASHELLS,1837,1
56100,,,SQUID_INK,SEASHELLS,1840,8
56200,,SUBMISSION,RAINFOREST_RESIN,SEASHELLS,10002,1
56200,SUBMISSION,,SQUID_INK,SEASHELLS,1837,24
56200,SUBMISSION,,SQUID_INK,SEASHELLS,1837,2
56300,SUBMISSION,,SQUID_INK,SEASHELLS,1837,7
56300,,,KELP,SEASHELLS,2034,8
56300,,,PICNIC_BASKET1,SEASHELLS,58656,10
56300,,,PICNIC_BASKET2,SEASHELLS,30276,10
56300,,,SQUID_INK,SEASHELLS,1835,8
56400,SUBMISSION,,RAINFOREST_RESIN,SEASHELLS,9998,1
56400,SUBMISSION,,SQUID_INK,SEASHELLS,1838,17
56500,,SUBMISSION,DJEMBES,SEASHELLS,13386,29
56500,,SUBMISSION,DJEMBES,SEASHELLS,13386,46
56500,,SUBMISSION,KELP,SEASHELLS,2036,1
56600,,SUBMISSION,DJEMBES,SEASHELLS,13386,22
56600,,SUBMISSION,DJEMBES,SEASHELLS,13386,23
56700,,SUBMISSION,SQUID_INK,SEASHELLS,1841,20
56700,,SUBMISSION,SQUID_INK,SEASHELLS,1841,2
56800,,SUBMISSION,SQUID_INK,SEASHELLS,1841,28
56800,,SUBMISSION,SQUID_INK,SEASHELLS,1841,2
56800,,,KELP,SEASHELLS,2034,2
56800,,,RAINFOREST_RESIN,SEASHELLS,9996,2
56900,,SUBMISSION,SQUID_INK,SEASHELLS,1843,2
57000,,SUBMISSION,KELP,SEASHELLS,2036,1
57000,,SUBMISSION,SQUID_INK,SEASHELLS,1845,1
57100,SUBMISSION,,RAINFOREST_RESIN,SEASHELLS,9998,7
57100,,SUBMISSION,SQUID_INK,SEASHELLS,1844,24
57100,,,PICNIC_BASKET1,SEASHELLS,58666,6
57100,,,PICNIC_BASKET2,SEASHELLS,30278,6
57200,,SUBMISSION,SQUID_INK,SEASHELLS,1847,21
57300,SUBMISSION,,DJEMBES,SEASHELLS,13386,15
57300,SUBMISSION,,DJEMBES,SEASHELLS,13386,34
57400,SUBMISSION,,KELP,SEASHELLS,2035,8
57500,SUBMISSION,,DJEMBES,SEASHELLS,13386,16
57500,SUBMISSION,,KELP,SEASHELLS,2035,1
57500,,,KELP,SEASHELLS,2037,5
57500,,,SQUID_INK,SEASHELLS,1845,1
57600,SUBMISSION,,DJEMBES,SEASHELLS,13386,16
57600,SUBMISSION,,KELP,SEASHELLS,2034,1
57600,SUBMISSION,,RAINFOREST_RESIN,SEASHELLS,9998,1
57600,,,KELP,SEASHELLS,2037,1
57600,,,RAINFOREST_RESIN,SEASHELLS,10005,1
57600,,,SQUID_INK,SEASHELLS,1842,1
57700,SUBMISSION,,DJEMBES,SEASHELLS,13386,19
57700,SUBMISSION,,KELP,SEASHELLS,2035,3
57700,,SUBMISSION,RAINFOREST_RESIN,SEASHELLS,10002,5
57700,SUBMISSION,,SQUID_INK,SEASHELLS,1841,3
57800,SUBMISSION,,DJEMBES,SEASHELLS,13386,20
57800,,SUBMISSION,KELP,SEASHELLS,2036,1
57800,,SUBMISSION,SQUID_INK,SEASHELLS,1842,1
57800,,,RAINFOREST_RESIN,SEASHELLS,9998,1
57900,,SUBMISSION,SQUID_INK,SEASHELLS,1842,2
57900,,,KELP,SEASHELLS,2034,1
57900,,,SQUID_INK,SEASHELLS,1840,1
58100,SUBMISSION,,CROISSANTS,SEASHELLS,4273,42
58100,SUBMISSION,,CROISSANTS,SEASHELLS,4273,91
58100,SUBMISSION,,PICNIC_BASKET2,SEASHELLS,30277,22
58100,SUBMISSION,,PICNIC_BASKET2,SEASHELLS,30277,16
58100,SUBMISSION,,SQUID_INK,SEASHELLS,1841,20
58100,,,DJEMBES,SEASHELLS,13383,2
58200,SUBMISSION,,CROISSANTS,SEASHELLS,4273,49
58200,SUBMISSION,,CROISSANTS,SEASHELLS,4273,83
58200,SUBMISSION,,PICNIC_BASKET2,SEASHELLS,30276,2
58200,SUBMISSION,,RAINFOREST_RESIN,SEASHELLS,9998,2
58200,SUBMISSION,,SQUID_INK,SEASHELLS,1840,27
58200,SUBMISSION,,SQUID_INK,SEASHELLS,1840,2
58300,SUBMISSION,,CROISSANTS,SEASHELLS,4273,42
58300,SUBMISSION,,CROISSANTS,SEASHELLS,4273,77
58300,SUBMISSION,,KELP,SEASHELLS,2034,1
58300,SUBMISSION,,PICNIC_BASKET2,SEASHELLS,30276,12
58300,SUBMISSION,,SQUID_INK,SEASHELLS,1837,1
58400,SUBMISSION,,CROISSANTS,SEASHELLS,4273,54
58400,SUBMISSION,,CROISSANTS,SEASHELLS,4273,62
58400,SUBMISSION,,KELP,SEASHELLS,2034,2
58400,SUBMISSION,,PICNIC_BASKET2,SEASHELLS,30276,11
58400,SUBMISSION,,PICNIC_BASKET2,SEASHELLS,30276,2
58400,SUBMISSION,,SQUID_INK,SEASHELLS,1838,2
58400,,,KELP,SEASHELLS,2034,1
58400,,,KELP,SEASHELLS,2037,1
58400,,,PICNIC_BASKET1,SEASHELLS,58668,2
58400,,,PICNIC_BASKET2,SEASHELLS,30276,0
58400,,,PICNIC_BASKET2,SEASHELLS,30277,5
58400,,,RAINFOREST_RESIN,SEASHELLS,10004,1
58400,,,SQUID_INK,SEASHELLS,1838,1
58400,,,SQUID_INK,SEASHELLS,1840,1
58500,SUBMISSION,,PICNIC_BASKET2,SEASHELLS,30273,2
58500,,SUBMISSION,RAINFOREST_RESIN,SEASHELLS,10002,1
58500,,,RAINFOREST_RESIN,SEASHELLS,10004,2
58600,SUBMISSION,,PICNIC_BASKET2,SEASHELLS,30275,29
58600,SUBMISSION,,PICNIC_BASKET2,SEASHELLS,30275,15
58600,SUBMISSION,,PICNIC_BASKET2,SEASHELLS,30275,1
58600,,SUBMISSION,RAINFOREST_RESIN,SEASHELLS,10002,1
58600,,,JAMS,SEASHELLS,6530,6
58600,,,PICNIC_BASKET1,SEASHELLS,58666,1
58600,,,PICNIC_BASKET2,SEASHELLS,30269,8
58700,SUBMISSION,,PICNIC_BASKET2,SEASHELLS,30274,16
58700,SUBMISSION,,PICNIC_BASKET2,SEASHELLS,30274,10
58700,SUBMISSION,,SQUID_INK,SEASHELLS,1841,29
58700,,,JAMS,SEASHELLS,6532,4
58800,SUBMISSION,,PICNIC_BASKET2,SEASHELLS,30273,1
58800,SUBMISSION,,SQUID_INK,SEASHELLS,1840,1
58800,,,JAMS,SEASHELLS,6532,8
58900,,SUBMISSION,KELP,SEASHELLS,2036,1
58900,SUBMISSION,,PICNIC_BASKET2,SEASHELLS,30271,18
58900,SUBMISSION,,PICNIC_BASKET2,SEASHELLS,30271,2
58900,SUBMISSION,,SQUID_INK,SEASHELLS,1842,18
58900,,,JAMS,SEASHELLS,6530,6
58900,,,KELP,SEASHELLS,2037,2
58900,,,RAINFOREST_RESIN,SEASHELLS,10002,4
58900,,,RAINFOREST_RESIN,SEASHELLS,10002,1
58900,,,SQUID_INK,SEASHELLS,1842,2
59000,SUBMISSION,,PICNIC_BASKET2,SEASHELLS,30275,16
59000,SUBMISSION,,PICNIC_BASKET2,SEASHELLS,30275,1
59000,,,DJEMBES,SEASHELLS,13384,1
59100,,,KELP,SEASHELLS,2033,2
59100,,,PICNIC_BASKET1,SEASHELLS,58669,2
59100,,,PICNIC_BASKET2,SEASHELLS,30272,2
59100,,,RAINFOREST_RESIN,SEASHELLS,9998,2
59100,,,RAINFOREST_RESIN,SEASHELLS,9998,2
59100,,,SQUID_INK,SEASHELLS,1840,2
59200,,SUBMISSION,RAINFOREST_RESIN,SEASHELLS,10002,1
59200,,SUBMISSION,SQUID_INK,SEASHELLS,1842,3
59200,,,CROISSANTS,SEASHELLS,4271,6
59200,,,PICNIC_BASKET1,SEASHELLS,58674,2
59200,,,PICNIC_BASKET2,SEASHELLS,30278,2
59300,,SUBMISSION,DJEMBES,SEASHELLS,13385,25
59300,,SUBMISSION,DJEMBES,SEASHELLS,13385,43
59300,,SUBMISSION,SQUID_INK,SEASHELLS,1842,5
59400,,SUBMISSION,DJEMBES,SEASHELLS,13386,15
59400,,SUBMISSION,DJEMBES,SEASHELLS,13386,37
59400,,SUBMISSION,SQUID_INK,SEASHELLS,1842,27
59400,,,DJEMBES,SEASHELLS,13388,1
59400,,,RAINFOREST_RESIN,SEASHELLS,9998,4
59500,,SUBMISSION,PICNIC_BASKET2,SEASHELLS,30276,12
59500,,SUBMISSION,PICNIC_BASKET2,SEASHELLS,30276,2
59500,,SUBMISSION,SQUID_INK,SEASHELLS,1841,6
59500,,SUBMISSION,SQUID_INK,SEASHELLS,1841,22
59500,,SUBMISSION,SQUID_INK,SEASHELLS,1841,2
59600,,SUBMISSION,PICNIC_BASKET2,SEASHELLS,30277,12
59600,,SUBMISSION,PICNIC_BASKET2,SEASHELLS,30277,2
59600,,SUBMISSION,SQUID_INK,SEASHELLS,1841,26
59600,,SUBMISSION,SQUID_INK,SEASHELLS,1841,2
59700,SUBMISSION,,KELP,SEASHELLS,2035,5
59700,SUBMISSION,,PICNIC_BASKET1,SEASHELLS,58669,1
59700,,SUBMISSION,PICNIC_BASKET2,SEASHELLS,30277,1
59700,SUBMISSION,,RAINFOREST_RESIN,SEASHELLS,10000,6
59700,,SUBMISSION,SQUID_INK,SEASHELLS,1842,7
59700,,,JAMS,SEASHELLS,6531,8
59700,,,KELP,SEASHELLS,2036,1
59700,,,SQUID_INK,SEASHELLS,1844,1
59700,,,SQUID_INK,SEASHELLS,1843,3
59800,,SUBMISSION,PICNIC_BASKET2,SEASHELLS,30276,24
59800,,SUBMISSION,PICNIC_BASKET2,SEASHELLS,30276,18
59800,,,CROISSANTS,SEASHELLS,4272,8
59800,,,KELP,SEASHELLS,2034,10
59800,,,PICNIC_BASKET1,SEASHELLS,58670,6
59800,,,PICNIC_BASKET2,SEASHELLS,30282,6
59800,,,RAINFOREST_RESIN,SEASHELLS,9995,5
59900,,SUBMISSION,PICNIC_BASKET2,SEASHELLS,30277,19
59900,,SUBMISSION,PICNIC_BASKET2,SEASHELLS,30277,10
59900,,,KELP,SEASHELLS,2034,1
59900,,,SQUID_INK,SEASHELLS,1845,1
60000,,,KELP,SEASHELLS,2034,1
60000,,,PICNIC_BASKET1,SEASHELLS,58663,8
60000,,,PICNIC_BASKET2,SEASHELLS,30277,8
60000,,,SQUID_INK,SEASHELLS,1842,1
60100,SUBMISSION,,PICNIC_BASKET1,SEASHELLS,58667,8
60100,,SUBMISSION,PICNIC_BASKET2,SEASHELLS,30276,15
60100,,SUBMISSION,PICNIC_BASKET2,SEASHELLS,30276,2
60100,,,KELP,SEASHELLS,2034,1
60100,,,SQUID_INK,SEASHELLS,1845,1
60200,,SUBMISSION,PICNIC_BASKET2,SEASHELLS,30279,12
60200,,,DJEMBES,SEASHELLS,13387,4
60300,,SUBMISSION,KELP,SEASHELLS,2036,1
60300,,SUBMISSION,PICNIC_BASKET2,SEASHELLS,30284,17
60300,,SUBMISSION,PICNIC_BASKET2,SEASHELLS,30284,2
60300,,SUBMISSION,RAINFOREST_RESIN,SEASHELLS,10002,12
60300,SUBMISSION,,SQUID_INK,SEASHELLS,1842,21
60300,SUBMISSION,,SQUID_INK,SEASHELLS,1842,2
60300,,,CROISSANTS,SEASHELLS,4272,9
60300,,,JAMS,SEASHELLS,6533,9
60300,,,PICNIC_BASKET1,SEASHELLS,58674,2
60300,,,PICNIC_BASKET2,SEASHELLS,30290,10
60400,,SUBMISSION,CROISSANTS,SEASHELLS,4273,46
60400,,SUBMISSION,PICNIC_BASKET1,SEASHELLS,58673,1
60400,,SUBMISSION,PICNIC_BASKET2,SEASHELLS,30285,1
60400,SUBMISSION,,SQUID_INK,SEASHELLS,1842,26
60400,SUBMISSION,,SQUID_INK,SEASHELLS,1842,1
60500,,SUBMISSION,PICNIC_BASKET1,SEASHELLS,58680,1
60500,,SUBMISSION,PICNIC_BASKET2,SEASHELLS,30284,13
60500,,SUBMISSION,PICNIC_BASKET2,SEASHELLS,30284,1
60600,SUBMISSION,,KELP,SEASHELLS,2035,5
60600,,SUBMISSION,PICNIC_BASKET1,SEASHELLS,58683,2
60600,,SUBMISSION,PICNIC_BASKET2,SEASHELLS,30284,2
60600,SUBMISSION,,SQUID_INK,SEASHELLS,1842,5
60700,,SUBMISSION,PICNIC_BASKET1,SEASHELLS,58683,1
60700,,SUBMISSION,PICNIC_BASKET2,SEASHELLS,30282,1
60700,SUBMISSION,,SQUID_INK,SEASHELLS,1842,8
60700,,,DJEMBES,SEASHELLS,13390,1
60800,,SUBMISSION,CROISSANTS,SEASHELLS,4273,41
60800,,SUBMISSION,PICNIC_BASKET1,SEASHELLS,58687,1
60800,,SUBMISSION,PICNIC_BASKET2,SEASHELLS,30284,10
60900,,SUBMISSION,CROISSANTS,SEASHELLS,4273,57
60900,,SUBMISSION,CROISSANTS,SEASHELLS,4273,91
60900,SUBMISSION,,JAMS,SEASHELLS,6531,91
60900,,SUBMISSION,PICNIC_BASKET1,SEASHELLS,58697,3
60900,SUBMISSION,,RAINFOREST_RESIN,SEASHELLS,9998,2
61000,,SUBMISSION,CROISSANTS,SEASHELLS,4274,64
61000,,SUBMISSION,CROISSANTS,SEASHELLS,4274,67
61000,SUBMISSION,,JAMS,SEASHELLS,6531,67
61000,SUBMISSION,,JAMS,SEASHELLS,6531,185
61000,,,RAINFOREST_RESIN,SEASHELLS,9995,2
61100,,SUBMISSION,CROISSANTS,SEASHELLS,4274,38
61100,,SUBMISSION,CROISSANTS,SEASHELLS,4274,51
61100,SUBMISSION,,JAMS,SEASHELLS,6530,51
61100,SUBMISSION,,JAMS,SEASHELLS,6530,110
61100,,,DJEMBES,SEASHELLS,13390,2
61100,,,RAINFOREST_RESIN,SEASHELLS,9998,1
61200,,SUBMISSION,CROISSANTS,SEASHELLS,4274,33
61200,,SUBMISSION,CROISSANTS,SEASHELLS,4274,12
61200,SUBMISSION,,JAMS,SEASHELLS,6529,73
61200,SUBMISSION,,JAMS,SEASHELLS,6529,123
61200,,SUBMISSION,KELP,SEASHELLS,2036,1
61200,,SUBMISSION,SQUID_INK,SEASHELLS,1843,1
61200,,,CROISSANTS,SEASHELLS,4274,10
61200,,,JAMS,SEASHELLS,6529,0
61200,,,JAMS,SEASHELLS,6529,4
61300,SUBMISSION,,RAINFOREST_RESIN,SEASHELLS,9998,1
61300,,,JAMS,SEASHELLS,6528,10
61300,,,RAINFOREST_RESIN,SEASHELLS,9998,1
61400,,,KELP,SEASHELLS,2034,1
61400,,,SQUID_INK,SEASHELLS,1841,1
61500,SUBMISSION,,DJEMBES,SEASHELLS,13389,23
61500,SUBMISSION,,DJEMBES,SEASHELLS,13389,30
61500,,,JAMS,SEASHELLS,6527,9
61600,SUBMISSION,,DJEMBES,SEASHELLS,13389,20
61600,SUBMISSION,,DJEMBES,SEASHELLS,13389,47
61600,,SUBMISSION,SQUID_INK,SEASHELLS,1844,21
61600,,SUBMISSION,SQUID_INK,SEASHELLS,1844,1
61600,,,JAMS,SEASHELLS,6527,4
61600,,,KELP,SEASHELLS,2037,10
61600,,,SQUID_INK,SEASHELLS,1847,1
61700,SUBMISSION,,SQUID_INK,SEASHELLS,1843,29
61700,SUBMISSION,,SQUID_INK,SEASHELLS,1843,1
62000,,,DJEMBES,SEASHELLS,13388,6
62000,,,JAMS,SEASHELLS,6531,10
62100,,SUBMISSION,DJEMBES,SEASHELLS,13390,19
62100,SUBMISSION,,KELP,SEASHELLS,2035,2
62100,SUBMISSION,,SQUID_INK,SEASHELLS,1841,2
62200,,SUBMISSION,DJEMBES,SEASHELLS,13390,22
62200,,SUBMISSION,DJEMBES,SEASHELLS,13390,32
62200,,SUBMISSION,JAMS,SEASHELLS,6530,73
62200,,,KELP,SEASHELLS,2034,1
62200,,,SQUID_INK,SEASHELLS,1840,1
62300,,SUBMISSION,DJEMBES,SEASHELLS,13391,17
62300,,SUBMISSION,DJEMBES,SEASHELLS,13391,30
62300,SUBMISSION,,RAINFOREST_RESIN,SEASHELLS,9998,2
62300,SUBMISSION,,SQUID_INK,SEASHELLS,1841,21
62300,SUBMISSION,,SQUID_INK,SEASHELLS,1841,1
62300,,,KELP,SEASHELLS,2034,1
62300,,,RAINFOREST_RESIN,SEASHELLS,9998,1
62300,,,SQUID_INK,SEASHELLS,1838,1
62400,,SUBMISSION,RAINFOREST_RESIN,SEASHELLS,10002,1
62400,SUBMISSION,,SQUID_INK,SEASHELLS,1841,6
62500,SUBMISSION,,KELP,SEASHELLS,2034,1
62500,,SUBMISSION,RAINFOREST_RESIN,SEASHELLS,10002,1
62500,,,SQUID_INK,SEASHELLS,1836,1
62600,,SUBMISSION,KELP,SEASHELLS,2036,1
62600,SUBMISSION,,PICNIC_BASKET2,SEASHELLS,30289,28
62600,SUBMISSION,,PICNIC_BASKET2,SEASHELLS,30289,14
62600,,,DJEMBES,SEASHELLS,13392,4
62600,,,SQUID_INK,SEASHELLS,1837,1
62700,SUBMISSION,,KELP,SEASHELLS,2035,7
62700,SUBMISSION,,PICNIC_BASKET2,SEASHELLS,30287,15
62700,SUBMISSION,,PICNIC_BASKET2,SEASHELLS,30287,1
62700,,,KELP,SEASHELLS,2036,1
62700,,,KELP,SEASHELLS,2037,7
62700,,,SQUID_INK,SEASHELLS,1836,1
62700,,,SQUID_INK,SEASHELLS,1835,7
62800,SUBMISSION,,PICNIC_BASKET2,SEASHELLS,30290,1
62800,SUBMISSION,,RAINFOREST_RESIN,SEASHELLS,9998,1
62900,SUBMISSION,,PICNIC_BASKET2,SEASHELLS,30290,2
62900,,,DJEMBES,SEASHELLS,13392,5
63000,SUBMISSION,,PICNIC_BASKET1,SEASHELLS,58698,2
63000,SUBMISSION,,PICNIC_BASKET2,SEASHELLS,30285,16
63000,SUBMISSION,,PICNIC_BASKET2,SEASHELLS,30285,2
63000,,,DJEMBES,SEASHELLS,13390,5
63100,SUBMISSION,,PICNIC_BASKET1,SEASHELLS,58698,19
63100,SUBMISSION,,PICNIC_BASKET1,SEASHELLS,58698,1
63100,SUBMISSION,,PICNIC_BASKET2,SEASHELLS,30287,19
63100,SUBMISSION,,PICNIC_BASKET2,SEASHELLS,30287,1
63100,,SUBMISSION,RAINFOREST_RESIN,SEASHELLS,10002,1
63200,SUBMISSION,,CROISSANTS,SEASHELLS,4273,56
63200,SUBMISSION,,CROISSANTS,SEASHELLS,4273,94
63200,,SUBMISSION,JAMS,SEASHELLS,6530,94
63200,,SUBMISSION,JAMS,SEASHELLS,6530,128
63200,,SUBMISSION,JAMS,SEASHELLS,6530,10
63200,SUBMISSION,,PICNIC_BASKET1,SEASHELLS,58697,1
63200,SUBMISSION,,PICNIC_BASKET2,SEASHELLS,30290,11
63200,SUBMISSION,,PICNIC_BASKET2,SEASHELLS,30290,1
63200,,,KELP,SEASHELLS,2037,1
63200,,,RAINFOREST_RESIN,SEASHELLS,10002,1
63200,,,SQUID_INK,SEASHELLS,1840,1
63300,SUBMISSION,,CROISSANTS,SEASHELLS,4273,64
63300,SUBMISSION,,CROISSANTS,SEASHELLS,4273,51
63300,SUBMISSION,,PICNIC_BASKET1,SEASHELLS,58693,17
63300,SUBMISSION,,PICNIC_BASKET2,SEASHELLS,30286,17
63400,SUBMISSION,,CROISSANTS,SEASHELLS,4273,44
63400,SUBMISSION,,CROISSANTS,SEASHELLS,4273,83
63400,,SUBMISSION,JAMS,SEASHELLS,6530,83
63400,SUBMISSION,,KELP,SEASHELLS,2035,6
63400,SUBMISSION,,PICNIC_BASKET1,SEASHELLS,58693,2
63400,SUBMISSION,,PICNIC_BASKET2,SEASHELLS,30288,2
63400,,,KELP,SEASHELLS,2037,1
63400,,,RAINFOREST_RESIN,SEASHELLS,10004,1
63400,,,SQUID_INK,SEASHELLS,1836,1
63500,SUBMISSION,,CROISSANTS,SEASHELLS,4273,63
63500,SUBMISSION,,PICNIC_BASKET1,SEASHELLS,58689,2
63500,SUBMISSION,,PICNIC_BASKET2,SEASHELLS,30289,18
63500,SUBMISSION,,PICNIC_BASKET2,SEASHELLS,30289,2
63500,,,DJEMBES,SEASHELLS,13392,4
63600,SUBMISSION,,KELP,SEASHELLS,2035,6
63600,SUBMISSION,,PICNIC_BASKET1,SEASHELLS,58691,1
63700,SUBMISSION,,PICNIC_BASKET1,SEASHELLS,58692,17
63700,SUBMISSION,,PICNIC_BASKET1,SEASHELLS,58692,2
63700,SUBMISSION,,PICNIC_BASKET2,SEASHELLS,30286,2
63800,,SUBMISSION,CROISSANTS,SEASHELLS,4274,35
63800,,SUBMISSION,KELP,SEASHELLS,2036,1
63800,,,DJEMBES,SEASHELLS,13392,4
63800,,,SQUID_INK,SEASHELLS,1836,1
63900,,SUBMISSION,CROISSANTS,SEASHELLS,4274,48
63900,,SUBMISSION,CROISSANTS,SEASHELLS,4274,76
63900,SUBMISSION,,KELP,SEASHELLS,2035,1
63900,,SUBMISSION,PICNIC_BASKET2,SEASHELLS,30290,1
64000,,SUBMISSION,CROISSANTS,SEASHELLS,4274,61
64000,,SUBMISSION,CROISSANTS,SEASHELLS,4274,66
64000,,SUBMISSION,PICNIC_BASKET2,SEASHELLS,30292,1
64100,,SUBMISSION,CROISSANTS,SEASHELLS,4274,45
64100,,SUBMISSION,CROISSANTS,SEASHELLS,4274,80
64100,,SUBMISSION,PICNIC_BASKET1,SEASHELLS,58699,19
64100,,SUBMISSION,PICNIC_BASKET2,SEASHELLS,30292,28
64100,,SUBMISSION,PICNIC_BASKET2,SEASHELLS,30292,19
64100,SUBMISSION,,RAINFOREST_RESIN,SEASHELLS,9998,2
64100,,,CROISSANTS,SEASHELLS,4275,6
64100,,,DJEMBES,SEASHELLS,13390,5
64100,,,RAINFOREST_RESIN,SEASHELLS,10005,3
64200,,SUBMISSION,CROISSANTS,SEASHELLS,4274,44
64200,,SUBMISSION,PICNIC_BASKET1,SEASHELLS,58704,2
64200,,SUBMISSION,PICNIC_BASKET2,SEASHELLS,30292,2
64200,,,SQUID_INK,SEASHELLS,1833,1
64300,,SUBMISSION,PICNIC_BASKET1,SEASHELLS,58701,20
64300,,SUBMISSION,PICNIC_BASKET1,SEASHELLS,58701,13
64300,,SUBMISSION,PICNIC_BASKET2,SEASHELLS,30289,20
64300,,SUBMISSION,PICNIC_BASKET2,SEASHELLS,30289,13
64400,,SUBMISSION,PICNIC_BASKET1,SEASHELLS,58699,2
64400,,SUBMISSION,PICNIC_BASKET2,SEASHELLS,30289,11
64400,,SUBMISSION,PICNIC_BASKET2,SEASHELLS,30289,2
64400,,,DJEMBES,SEASHELLS,13392,4
64400,,,JAMS,SEASHELLS,6528,6
64500,,SUBMISSION,SQUID_INK,SEASHELLS,1836,1
64500,,SUBMISSION,SQUID_INK,SEASHELLS,1836,28
64500,,SUBMISSION,SQUID_INK,SEASHELLS,1836,2
64600,SUBMISSION,,JAMS,SEASHELLS,6529,77
64600,SUBMISSION,,JAMS,SEASHELLS,6529,169
64600,,SUBMISSION,SQUID_INK,SEASHELLS,1836,25
64600,,,DJEMBES,SEASHELLS,13391,5
64600,,,KELP,SEASHELLS,2034,1
64600,,,SQUID_INK,SEASHELLS,1836,1
64700,SUBMISSION,,JAMS,SEASHELLS,6529,79
64700,SUBMISSION,,JAMS,SEASHELLS,6529,63
64700,SUBMISSION,,PICNIC_BASKET2,SEASHELLS,30287,1
64700,,SUBMISSION,SQUID_INK,SEASHELLS,1839,28
64700,,SUBMISSION,SQUID_INK,SEASHELLS,1839,1
64800,SUBMISSION,,DJEMBES,SEASHELLS,13391,24
64800,SUBMISSION,,DJEMBES,SEASHELLS,13391,31
64800,SUBMISSION,,PICNIC_BASKET1,SEASHELLS,58693,10
64800,SUBMISSION,,PICNIC_BASKET2,SEASHELLS,30285,24
64800,SUBMISSION,,PICNIC_BASKET2,SEASHELLS,30285,10
64800,SUBMISSION,,RAINFOREST_RESIN,SEASHELLS,10000,2
64800,,SUBMISSION,SQUID_INK,SEASHELLS,1838,15
64800,,,SQUID_INK,SEASHELLS,1839,2
64900,SUBMISSION,,DJEMBES,SEASHELLS,13391,18
64900,SUBMISSION,,DJEMBES,SEASHELLS,13391,33
64900,SUBMISSION,,PICNIC_BASKET1,SEASHELLS,58691,2
64900,SUBMISSION,,PICNIC_BASKET2,SEASHELLS,30283,18
64900,SUBMISSION,,PICNIC_BASKET2,SEASHELLS,30283,15
64900,SUBMISSION,,PICNIC_BASKET2,SEASHELLS,30283,2
65000,,SUBMISSION,KELP,SEASHELLS,2035,4
65000,SUBMISSION,,PICNIC_BASKET1,SEASHELLS,58692,2
65000,SUBMISSION,,PICNIC_BASKET2,SEASHELLS,30283,19
65000,SUBMISSION,,PICNIC_BASKET2,SEASHELLS,30283,2
65000,,,KELP,SEASHELLS,2036,2
65000,,,RAINFOREST_RESIN,SEASHELLS,10002,2
65000,,,SQUID_INK,SEASHELLS,1841,2
65100,SUBMISSION,,PICNIC_BASKET1,SEASHELLS,58688,1
65100,SUBMISSION,,PICNIC_BASKET2,SEASHELLS,30283,1
65100,,,CROISSANTS,SEASHELLS,4273,8
65100,,,KELP,SEASHELLS,2034,1
65100,,,SQUID_INK,SEASHELLS,1838,1
65200,,SUBMISSION,KELP,SEASHELLS,2036,1
65200,SUBMISSION,,PICNIC_BASKET1,SEASHELLS,58688,2
65200,SUBMISSION,,PICNIC_BASKET2,SEASHELLS,30285,19
65200,SUBMISSION,,PICNIC_BASKET2,SEASHELLS,30285,2
65200,,,CROISSANTS,SEASHELLS,4274,5
65300,SUBMISSION,,PICNIC_BASKET1,SEASHELLS,58689,11
65300,SUBMISSION,,PICNIC_BASKET1,SEASHELLS,58689,2
65300,,,CROISSANTS,SEASHELLS,4274,6
65300,,,JAMS,SEASHELLS,6526,10
65400,SUBMISSION,,DJEMBES,SEASHELLS,13391,14
65400,SUBMISSION,,PICNIC_BASKET1,SEASHELLS,58682,1
65400,SUBMISSION,,PICNIC_BASKET2,SEASHELLS,30287,1
65400,,,CROISSANTS,SEASHELLS,4274,8
65400,,,DJEMBES,SEASHELLS,13390,4
65400,,,KELP,SEASHELLS,2034,1
65400,,,RAINFOREST_RESIN,SEASHELLS,10002,1
65400,,,RAINFOREST_RESIN,SEASHELLS,10002,1
65400,,,SQUID_INK,SEASHELLS,1838,1
65500,,SUBMISSION,KELP,SEASHELLS,2036,4
65500,SUBMISSION,,PICNIC_BASKET1,SEASHELLS,58684,2
65500,SUBMISSION,,PICNIC_BASKET2,SEASHELLS,30285,16
65500,SUBMISSION,,PICNIC_BASKET2,SEASHELLS,30285,2
65500,,,CROISSANTS,SEASHELLS,4274,5
65500,,,KELP,SEASHELLS,2036,4
65500,,,KELP,SEASHELLS,2034,12
65500,,,SQUID_INK,SEASHELLS,1840,4
65500,,,SQUID_INK,SEASHELLS,1840,4
65600,SUBMISSION,,PICNIC_BASKET1,SEASHELLS,58686,16
65600,SUBMISSION,,PICNIC_BASKET2,SEASHELLS,30284,13
65700,SUBMISSION,,PICNIC_BASKET1,SEASHELLS,58689,17
65700,SUBMISSION,,RAINFOREST_RESIN,SEASHELLS,9998,4
65700,,,KELP,SEASHELLS,2034,1
65700,,,RAINFOREST_RESIN,SEASHELLS,9998,4
65700,,,RAINFOREST_RESIN,SEASHELLS,9995,1
65700,,,SQUID_INK,SEASHELLS,1837,1
65800,,SUBMISSION,RAINFOREST_RESIN,SEASHELLS,10000,4
65900,SUBMISSION,,PICNIC_BASKET1,SEASHELLS,58690,1
66000,,SUBMISSION,KELP,SEASHELLS,2036,1
66000,,SUBMISSION,RAINFOREST_RESIN,SEASHELLS,10002,1
66000,,,KELP,SEASHELLS,2037,2
66000,,,RAINFOREST_RESIN,SEASHELLS,10004,2
66000,,,SQUID_INK,SEASHELLS,1841,2
66100,SUBMISSION,,CROISSANTS,SEASHELLS,4273,56
66100,SUBMISSION,,CROISSANTS,SEASHELLS,4273,69
66100,SUBMISSION,,PICNIC_BASKET1,SEASHELLS,58689,20
66100,SUBMISSION,,RAINFOREST_RESIN,SEASHELLS,9998,2
66200,SUBMISSION,,CROISSANTS,SEASHELLS,4273,54
66200,SUBMISSION,,PICNIC_BASKET1,SEASHELLS,58686,1
66300,SUBMISSION,,CROISSANTS,SEASHELLS,4273,48
66300,SUBMISSION,,KELP,SEASHELLS,2034,1
66300,SUBMISSION,,PICNIC_BASKET1,SEASHELLS,58685,1
66300,,,SQUID_INK,SEASHELLS,1837,1
66400,SUBMISSION,,CROISSANTS,SEASHELLS,4273,62
66400,SUBMISSION,,KELP,SEASHELLS,2035,7
66400,SUBMISSION,,PICNIC_BASKET1,SEASHELLS,58678,3
66400,SUBMISSION,,RAINFOREST_RESIN,SEASHELLS,9998,1
66400,,,PICNIC_BASKET1,SEASHELLS,58678,2
66400,,,PICNIC_BASKET2,SEASHELLS,30278,2
66400,,,PICNIC_BASKET2,SEASHELLS,30278,3
66500,SUBMISSION,,CROISSANTS,SEASHELLS,4273,50
66500,SUBMISSION,,CROISSANTS,SEASHELLS,4273,84
66500,SUBMISSION,,PICNIC_BASKET1,SEASHELLS,58684,1
66500,,,KELP,SEASHELLS,2034,1
66500,,,SQUID_INK,SEASHELLS,1837,1
66600,SUBMISSION,,CROISSANTS,SEASHELLS,4273,61
66600,SUBMISSION,,CROISSANTS,SEASHELLS,4273,16
66600,SUBMISSION,,KELP,SEASHELLS,2035,2
66600,SUBMISSION,,PICNIC_BASKET1,SEASHELLS,58675,2
66600,SUBMISSION,,RAINFOREST_RESIN,SEASHELLS,9998,2
66600,SUBMISSION,,SQUID_INK,SEASHELLS,1837,8
66700,SUBMISSION,,PICNIC_BASKET1,SEASHELLS,58677,1
66700,SUBMISSION,,SQUID_INK,SEASHELLS,1836,20
66700,SUBMISSION,,SQUID_INK,SEASHELLS,1836,1
66700,,,KELP,SEASHELLS,2034,1
66700,,,SQUID_INK,SEASHELLS,1833,1
66800,SUBMISSION,,PICNIC_BASKET1,SEASHELLS,58681,2
66800,SUBMISSION,,SQUID_INK,SEASHELLS,1835,27
66800,SUBMISSION,,SQUID_INK,SEASHELLS,1835,2
66900,SUBMISSION,,PICNIC_BASKET1,SEASHELLS,58674,2
66900,SUBMISSION,,SQUID_INK,SEASHELLS,1835,21
66900,SUBMISSION,,SQUID_INK,SEASHELLS,1835,2
66900,,,KELP,SEASHELLS,2035,8
66900,,,SQUID_INK,SEASHELLS,1833,8
67000,,SUBMISSION,KELP,SEASHELLS,2036,1
67000,SUBMISSION,,PICNIC_BASKET1,SEASHELLS,58673,12
67000,SUBMISSION,,SQUID_INK,SEASHELLS,1835,19
67100,SUBMISSION,,KELP,SEASHELLS,2035,1
67100,SUBMISSION,,RAINFOREST_RESIN,SEASHELLS,9998,1
67300,,,DJEMBES,SEASHELLS,13387,5
67300,,,KELP,SEASHELLS,2034,1
67300,,,SQUID_INK,SEASHELLS,1832,1
67400,,SUBMISSION,JAMS,SEASHELLS,6527,4
67400,,,PICNIC_BASKET1,SEASHELLS,58671,2
67400,,,PICNIC_BASKET2,SEASHELLS,30279,2
67600,SUBMISSION,,RAINFOREST_RESIN,SEASHELLS,9998,1
67600,,,KELP,SEASHELLS,2033,2
67600,,,RAINFOREST_RESIN,SEASHELLS,9995,2
67600,,,SQUID_INK,SEASHELLS,1832,2
67700,,,KELP,SEASHELLS,2034,1
67700,,,RAINFOREST_RESIN,SEASHELLS,9998,1
67700,,,SQUID_INK,SEASHELLS,1831,1
67800,,,KELP,SEASHELLS,2036,1
67800,,,SQUID_INK,SEASHELLS,1835,1
67900,,SUBMISSION,CROISSANTS,SEASHELLS,4273,49
67900,,SUBMISSION,CROISSANTS,SEASHELLS,4273,98
67900,,SUBMISSION,PICNIC_BASKET2,SEASHELLS,30281,30
67900,,SUBMISSION,PICNIC_BASKET2,SEASHELLS,30281,20
67900,,,JAMS,SEASHELLS,6526,10
68000,,SUBMISSION,CROISSANTS,SEASHELLS,4273,58
68000,,SUBMISSION,CROISSANTS,SEASHELLS,4273,59
68000,,SUBMISSION,PICNIC_BASKET1,SEASHELLS,58677,2
68000,,SUBMISSION,PICNIC_BASKET2,SEASHELLS,30285,2
68000,,SUBMISSION,RAINFOREST_RESIN,SEASHELLS,10002,2
68000,,,KELP,SEASHELLS,2037,2
68000,,,RAINFOREST_RESIN,SEASHELLS,10004,2
68000,,,SQUID_INK,SEASHELLS,1836,2
68100,,SUBMISSION,CROISSANTS,SEASHELLS,4274,48
68100,,SUBMISSION,CROISSANTS,SEASHELLS,4274,90
68100,,SUBMISSION,PICNIC_BASKET1,SEASHELLS,58677,2
68100,,SUBMISSION,PICNIC_BASKET2,SEASHELLS,30286,11
68100,,SUBMISSION,PICNIC_BASKET2,SEASHELLS,30286,2
68100,,SUBMISSION,SQUID_INK,SEASHELLS,1836,2
68100,,,KELP,SEASHELLS,2037,11
68100,,,PICNIC_BASKET1,SEASHELLS,58676,6
68100,,,PICNIC_BASKET2,SEASHELLS,30286,0
68100,,,PICNIC_BASKET2,SEASHELLS,30285,6
68100,,,SQUID_INK,SEASHELLS,1839,11
68200,,SUBMISSION,CROISSANTS,SEASHELLS,4274,59
68200,,SUBMISSION,CROISSANTS,SEASHELLS,4274,39
68200,,SUBMISSION,PICNIC_BASKET2,SEASHELLS,30285,1
68200,,,DJEMBES,SEASHELLS,13384,9
68200,,,JAMS,SEASHELLS,6527,4
68300,,SUBMISSION,PICNIC_BASKET2,SEASHELLS,30285,16
68300,,SUBMISSION,RAINFOREST_RESIN,SEASHELLS,10002,1
68300,,,KELP,SEASHELLS,2034,1
68300,,,SQUID_INK,SEASHELLS,1835,1
68400,,SUBMISSION,PICNIC_BASKET2,SEASHELLS,30285,20
68400,SUBMISSION,,RAINFOREST_RESIN,SEASHELLS,9998,1
68400,,SUBMISSION,SQUID_INK,SEASHELLS,1835,4
68400,,SUBMISSION,SQUID_INK,SEASHELLS,1835,27
68400,,,CROISSANTS,SEASHELLS,4276,6
68500,SUBMISSION,,JAMS,SEASHELLS,6524,4
68500,SUBMISSION,,PICNIC_BASKET1,SEASHELLS,58665,4
68500,SUBMISSION,,PICNIC_BASKET2,SEASHELLS,30280,15
68500,,SUBMISSION,SQUID_INK,SEASHELLS,1836,3
68500,,SUBMISSION,SQUID_INK,SEASHELLS,1836,27
68500,,,RAINFOREST_RESIN,SEASHELLS,9998,5
68600,SUBMISSION,,PICNIC_BASKET2,SEASHELLS,30280,22
