day;timestamp;product;bid_price_1;bid_volume_1;bid_price_2;bid_volume_2;bid_price_3;bid_volume_3;ask_price_1;ask_volume_1;ask_price_2;ask_volume_2;ask_price_3;ask_volume_3;mid_price;profit_and_loss
1;0;SQUID_INK;1834;23;;;;;1838;23;;;;;1836.0;0.0
1;0;RAINFOREST_RESIN;9998;9;9995;23;;;10005;23;;;;;10001.5;0.0
1;0;KELP;2032;23;;;;;2035;23;;;;;2033.5;0.0
1;100;KELP;2034;1;2033;2;2032;22;2035;22;;;;;2034.5;0.0
1;100;SQUID_INK;1837;1;1836;2;1835;22;1839;22;;;;;1838.0;0.0
1;100;RAINFOREST_RESIN;10002;1;10000;2;9998;4;10004;1;10005;21;;;10003.0;0.0
1;200;RAINFOREST_RESIN;9996;1;9995;21;;;10004;1;10005;21;;;10000.0;0.0
1;200;KELP;2032;22;;;;;2035;22;;;;;2033.5;0.0
1;200;SQUID_INK;1832;22;;;;;1835;22;;;;;1833.5;0.0
1;300;KELP;2034;1;2032;26;;;2035;26;;;;;2034.5;0.0
1;300;SQUID_INK;1836;1;1834;26;;;1837;26;;;;;1836.5;8.11328125
1;300;RAINFOREST_RESIN;9995;26;;;;;10005;26;;;;;10000.0;0.0
1;400;SQUID_INK;1833;28;;;;;1836;28;;;;;1834.5;-15.37109375
1;400;RAINFOREST_RESIN;9998;8;9996;2;9995;26;10004;2;10005;26;;;10001.0;0.0
1;400;KELP;2032;28;;;;;2035;28;;;;;2033.5;0.0
1;500;KELP;2032;24;;;;;2034;3;2035;24;;;2033.0;0.0
1;500;SQUID_INK;1834;24;;;;;1836;3;1837;24;;;1835.0;7.625
1;500;RAINFOREST_RESIN;9998;8;9996;1;9995;23;10004;1;10005;23;;;10001.0;0.0
1;600;RAINFOREST_RESIN;9996;2;9995;28;;;10004;2;10005;28;;;10000.0;0.0
1;600;KELP;2033;5;2032;30;;;2035;30;;;;;2034.0;0.0
1;600;SQUID_INK;1834;5;1832;30;;;1835;30;;;;;1834.5;-30.5
1;700;KELP;2032;22;;;;;2035;23;;;;;2033.5;0.0
1;700;SQUID_INK;1834;22;;;;;1837;1;1838;22;;;1835.5;45.625
1;700;RAINFOREST_RESIN;9996;1;9995;22;;;10004;1;10005;22;;;10000.0;0.0
1;800;SQUID_INK;1836;25;;;;;1837;3;1839;25;;;1836.5;120.640625
1;800;RAINFOREST_RESIN;9996;1;9995;24;;;10000;3;10004;1;10005;24;9998.0;0.0
1;800;KELP;2032;25;;;;;2033;3;2035;25;;;2032.5;0.0
1;900;SQUID_INK;1840;21;;;;;1843;21;;;;;1841.5;190.99609375
1;900;KELP;2031;21;;;;;2035;21;;;;;2033.0;0.162109375
1;900;RAINFOREST_RESIN;9996;1;9995;20;;;9998;11;10004;1;10005;20;9997.0;0.0
1;1000;RAINFOREST_RESIN;9996;1;9995;30;;;10004;1;10005;30;;;10000.0;22.0
1;1000;KELP;2032;31;;;;;2035;31;;;;;2033.5;0.740234375
1;1000;SQUID_INK;1841;31;;;;;1844;31;;;;;1842.5;158.568359375
1;1100;SQUID_INK;1840;22;;;;;1843;22;;;;;1841.5;137.00390625
1;1100;KELP;2032;22;;;;;2035;22;;;;;2033.5;0.6806640625
1;1100;RAINFOREST_RESIN;9996;1;9995;21;;;10002;6;10004;1;10005;21;9999.0;22.0
1;1200;SQUID_INK;1839;22;;;;;1842;23;;;;;1840.5;149.90625
1;1200;RAINFOREST_RESIN;9996;1;9995;22;;;10004;1;10005;22;;;10000.0;22.0
1;1200;KELP;2031;23;;;;;2032;1;2035;23;;;2031.5;0.34423828125
1;1300;SQUID_INK;1840;25;;;;;1843;25;;;;;1841.5;107.828125
1;1300;KELP;2031;25;;;;;2035;25;;;;;2033.0;1.70361328125
1;1300;RAINFOREST_RESIN;10002;1;9995;25;;;10005;25;;;;;10003.5;22.0
1;1400;RAINFOREST_RESIN;9995;23;;;;;10000;6;10005;23;;;9997.5;24.0
1;1400;KELP;2031;23;;;;;2033;6;2035;23;;;2032.0;1.66650390625
1;1400;SQUID_INK;1841;23;;;;;1842;6;1844;23;;;1841.5;58.953125
1;1500;SQUID_INK;1844;1;1842;21;;;1845;21;;;;;1844.5;2.046875
1;1500;KELP;2034;1;2032;1;2031;20;2035;21;;;;;2034.5;3.166015625
1;1500;RAINFOREST_RESIN;9996;1;9995;20;;;9998;4;10004;1;10005;20;9997.0;24.0
1;1600;SQUID_INK;1844;2;1843;28;;;1847;30;;;;;1845.5;-75.09375
1;1600;RAINFOREST_RESIN;9996;2;9995;28;;;10004;2;10005;28;;;10000.0;32.0
1;1600;KELP;2032;30;;;;;2035;30;;;;;2033.5;4.765625
1;1700;SQUID_INK;1841;28;;;;;1843;8;1844;28;;;1842.0;46.953125
1;1700;KELP;2032;28;;;;;2034;8;2035;28;;;2033.0;4.9453125
1;1700;RAINFOREST_RESIN;9995;28;;;;;10005;28;;;;;10000.0;32.0
1;1800;RAINFOREST_RESIN;10000;4;9995;23;;;10002;10;10005;23;;;10001.0;32.0
1;1800;KELP;2033;4;2032;23;;;2035;23;;;;;2034.0;4.03125
1;1800;SQUID_INK;1843;4;1841;23;;;1845;23;;;;;1844.0;25.71875
1;1900;KELP;2032;31;;;;;2035;32;;;;;2033.5;4.482421875
1;1900;SQUID_INK;1844;32;;;;;1845;1;1847;2;1848;30;1844.5;-117.4140625
1;1900;RAINFOREST_RESIN;9996;2;9995;30;;;10004;2;10005;30;;;10000.0;32.0
1;2000;KELP;2032;23;;;;;2035;23;;;;;2033.5;4.669921875
1;2000;SQUID_INK;1846;23;;;;;1849;23;;;;;1847.5;-211.1328125
1;2000;RAINFOREST_RESIN;9996;2;9995;21;;;10004;2;10005;21;;;10000.0;32.0
1;2100;SQUID_INK;1845;28;;;;;1847;5;1848;2;1849;26;1846.0;-167.5625
1;2100;RAINFOREST_RESIN;9996;2;9995;26;;;10004;2;10005;26;;;10000.0;32.0
1;2100;KELP;2032;2;2031;26;;;2034;5;2035;28;;;2033.0;3.84765625
1;2200;RAINFOREST_RESIN;9996;1;9995;20;;;9998;4;10004;1;10005;20;9997.0;32.0
1;2200;KELP;2032;25;;;;;2035;21;;;;;2033.5;4.125
1;2200;SQUID_INK;1846;25;;;;;1849;21;;;;;1847.5;-201.9140625
1;2300;KELP;2032;7;2031;22;;;2035;24;;;;;2033.5;3.947265625
1;2300;SQUID_INK;1848;7;1847;22;;;1851;24;;;;;1849.5;-273.0625
1;2300;RAINFOREST_RESIN;9996;2;9995;22;;;10004;2;10005;22;;;10000.0;40.0
1;2400;KELP;2031;22;;;;;2035;22;;;;;2033.0;3.037109375
1;2400;SQUID_INK;1846;22;;;;;1849;22;;;;;1847.5;-200.953125
1;2400;RAINFOREST_RESIN;9996;2;9995;20;;;10004;2;10005;20;;;10000.0;40.0
1;2500;SQUID_INK;1847;2;1846;21;;;1850;23;;;;;1848.5;-224.953125
1;2500;RAINFOREST_RESIN;9998;3;9996;2;9995;21;10004;2;10005;21;;;10001.0;40.0
1;2500;KELP;2032;2;2031;21;;;2035;23;;;;;2033.5;3.765625
1;2600;RAINFOREST_RESIN;10002;1;9996;1;9995;29;10004;1;10005;29;;;10003.0;40.0
1;2600;KELP;2032;1;2031;29;;;2035;30;;;;;2033.5;3.12890625
1;2600;SQUID_INK;1849;30;;;;;1852;30;;;;;1850.5;-337.8125
1;2700;KELP;2032;9;2031;21;;;2035;23;;;;;2033.5;3.87109375
1;2700;SQUID_INK;1848;30;;;;;1851;23;;;;;1849.5;-293.3125
1;2700;RAINFOREST_RESIN;9998;7;9996;2;9995;21;10004;2;10005;21;;;10001.0;42.0
1;2800;KELP;2031;27;;;;;2035;27;;;;;2033.0;3.05078125
1;2800;SQUID_INK;1849;27;;;;;1852;27;;;;;1850.5;-342.5234375
1;2800;RAINFOREST_RESIN;9995;27;;;;;10005;27;;;;;10000.0;42.0
1;2900;SQUID_INK;1848;22;;;;;1851;22;;;;;1849.5;-306.953125
1;2900;RAINFOREST_RESIN;9996;2;9995;20;;;10004;2;10005;20;;;10000.0;42.0
1;2900;KELP;2031;22;;;;;2035;22;;;;;2033.0;2.958984375
1;3000;RAINFOREST_RESIN;9996;1;9995;29;;;10004;1;10005;29;;;10000.0;42.0
1;3000;KELP;2034;1;2032;6;2031;29;2035;30;;;;;2034.5;3.505859375
1;3000;SQUID_INK;1850;1;1848;35;;;1851;30;;;;;1850.5;-288.890625
1;3100;KELP;2032;28;;;;;2035;28;;;;;2033.5;5.4638671875
1;3100;SQUID_INK;1848;28;;;;;1851;28;;;;;1849.5;-302.5078125
1;3100;RAINFOREST_RESIN;9998;5;9996;1;9995;27;10004;1;10005;27;;;10001.0;42.0
1;3200;KELP;2032;24;;;;;2033;5;2035;24;;;2032.5;5.4619140625
1;3200;SQUID_INK;1848;24;;;;;1849;5;1851;24;;;1848.5;-311.265625
1;3200;RAINFOREST_RESIN;10002;2;9995;24;;;10005;24;;;;;10003.5;42.0
1;3300;SQUID_INK;1849;25;;;;;1852;25;;;;;1850.5;-357.90625
1;3300;RAINFOREST_RESIN;10002;1;9996;1;9995;24;10004;1;10005;24;;;10003.0;46.0
1;3300;KELP;2032;25;;;;;2035;25;;;;;2033.5;7.0
1;3400;RAINFOREST_RESIN;9998;10;9996;2;9995;27;10004;2;10005;27;;;10001.0;48.0
1;3400;KELP;2032;29;;;;;2035;29;;;;;2033.5;12.404296875
1;3400;SQUID_INK;1849;2;1848;27;;;1852;29;;;;;1850.5;-321.796875
1;3500;KELP;2032;26;;;;;2035;26;;;;;2033.5;11.126953125
1;3500;SQUID_INK;1850;26;;;;;1853;26;;;;;1851.5;-380.34375
1;3500;RAINFOREST_RESIN;9995;26;;;;;10002;10;10005;26;;;9998.5;48.0
1;3600;KELP;2032;27;;;;;2035;27;;;;;2033.5;10.59375
1;3600;SQUID_INK;1850;27;;;;;1853;27;;;;;1851.5;-389.625
1;3600;RAINFOREST_RESIN;9995;27;;;;;10002;8;10005;27;;;9998.5;48.0
1;3700;SQUID_INK;1851;25;;;;;1854;25;;;;;1852.5;-430.9921875
1;3700;RAINFOREST_RESIN;9998;3;9995;25;;;10005;25;;;;;10001.5;48.0
1;3700;KELP;2032;25;;;;;2035;25;;;;;2033.5;11.515625
1;3800;RAINFOREST_RESIN;9995;24;;;;;10005;24;;;;;10000.0;48.0
1;3800;KELP;2032;24;;;;;2034;7;2035;24;;;2033.0;12.302734375
1;3800;SQUID_INK;1853;24;;;;;1854;7;1856;24;;;1853.5;-530.3671875
1;3900;KELP;2032;27;;;;;2035;26;;;;;2033.5;11.646484375
1;3900;SQUID_INK;1852;27;;;;;1855;26;;;;;1853.5;-481.71875
1;3900;RAINFOREST_RESIN;9996;2;9995;24;;;10004;2;10005;24;;;10000.0;48.0
1;4000;KELP;2032;30;;;;;2035;31;;;;;2033.5;12.56640625
1;4000;SQUID_INK;1854;30;;;;;1857;31;;;;;1855.5;-592.515625
1;4000;RAINFOREST_RESIN;10002;1;9996;1;9995;30;10004;1;10005;30;;;10003.0;48.0
1;4100;RAINFOREST_RESIN;10000;5;9996;2;9995;22;10002;4;10004;2;10005;22;10001.0;50.0
1;4100;SQUID_INK;1855;5;1854;2;1853;22;1857;24;;;;;1856.0;-571.734375
1;4100;KELP;2033;5;2032;24;;;2035;24;;;;;2034.0;10.466796875
1;4200;RAINFOREST_RESIN;10002;5;9996;1;9995;28;10004;1;10005;28;;;10003.0;50.0
1;4200;KELP;2032;29;;;;;2034;7;2035;29;;;2033.0;9.271484375
1;4200;SQUID_INK;1854;29;;;;;1856;7;1857;29;;;1855.0;-594.2890625
1;4300;KELP;2032;24;;;;;2035;26;;;;;2033.5;9.6640625
1;4300;RAINFOREST_RESIN;9995;26;;;;;10002;8;10005;26;;;9998.5;60.0
1;4300;SQUID_INK;1854;24;;;;;1857;26;;;;;1855.5;-584.0859375
1;4400;KELP;2032;28;;;;;2035;28;;;;;2033.5;10.056640625
1;4400;SQUID_INK;1853;28;;;;;1856;28;;;;;1854.5;-541.328125
1;4400;RAINFOREST_RESIN;9995;28;;;;;10005;28;;;;;10000.0;60.0
1;4500;RAINFOREST_RESIN;9995;26;;;;;10005;26;;;;;10000.0;60.0
1;4500;SQUID_INK;1853;26;;;;;1854;8;1856;26;;;1853.5;-527.375
1;4500;KELP;2032;26;;;;;2034;8;2035;26;;;2033.0;9.927734375
1;4600;RAINFOREST_RESIN;9995;21;;;;;10005;21;;;;;10000.0;60.0
1;4600;KELP;2032;21;;;;;2034;3;2035;21;;;2033.0;10.208984375
1;4600;SQUID_INK;1857;21;;;;;1858;3;1860;21;;;1857.5;-730.6640625
1;4700;KELP;2032;26;;;;;2035;26;;;;;2033.5;10.740234375
1;4700;RAINFOREST_RESIN;9998;5;9995;26;;;10005;26;;;;;10001.5;60.0
1;4700;SQUID_INK;1855;26;;;;;1858;26;;;;;1856.5;-631.0
1;4800;KELP;2034;1;2032;30;;;2035;23;;;;;2034.5;10.609375
1;4800;SQUID_INK;1861;1;1860;7;1859;23;1863;23;;;;;1862.0;-868.8359375
1;4800;RAINFOREST_RESIN;9996;1;9995;22;;;10004;1;10005;22;;;10000.0;60.0
1;4900;RAINFOREST_RESIN;9996;2;9995;22;;;10004;2;10005;22;;;10000.0;60.0
1;4900;SQUID_INK;1857;24;;;;;1859;6;1860;2;1861;22;1858.0;-765.015625
1;4900;KELP;2032;24;;;;;2034;6;2035;24;;;2033.0;11.38671875
1;5000;RAINFOREST_RESIN;9998;9;9996;1;9995;30;10004;1;10005;30;;;10001.0;60.0
1;5000;KELP;2032;36;;;;;2035;31;;;;;2033.5;11.3828125
1;5000;SQUID_INK;1860;6;1859;30;;;1863;31;;;;;1861.5;-871.3828125
1;5100;KELP;2032;26;;;;;2035;26;;;;;2033.5;11.37890625
1;5100;RAINFOREST_RESIN;9995;26;;;;;10005;26;;;;;10000.0;60.0
1;5100;SQUID_INK;1859;26;;;;;1862;26;;;;;1860.5;-835.3046875
1;5200;SQUID_INK;1859;11;1858;25;;;1861;25;;;;;1860.0;-812.2421875
1;5200;KELP;2033;5;2032;31;;;2035;25;;;;;2034.0;11.37890625
1;5200;RAINFOREST_RESIN;10000;5;9998;7;9996;2;10004;2;10005;23;;;10002.0;60.0
1;5300;RAINFOREST_RESIN;9995;22;;;;;9998;12;10005;22;;;9996.5;60.0
1;5300;SQUID_INK;1857;22;;;;;1860;22;;;;;1858.5;-739.1328125
1;5300;KELP;2032;22;;;;;2035;22;;;;;2033.5;11.505859375
1;5400;RAINFOREST_RESIN;9995;30;;;;;10005;30;;;;;10000.0;84.0
1;5400;SQUID_INK;1857;30;;;;;1860;30;;;;;1858.5;-732.53125
1;5400;KELP;2032;30;;;;;2035;30;;;;;2033.5;11.99609375
1;5500;KELP;2032;21;;;;;2035;29;;;;;2033.5;10.88671875
1;5500;RAINFOREST_RESIN;9996;1;9995;28;;;10004;1;10005;28;;;10000.0;84.0
1;5500;SQUID_INK;1858;29;;;;;1859;8;1862;29;;;1858.5;-819.96875
1;5600;SQUID_INK;1859;25;;;;;1862;25;;;;;1860.5;-837.9375
1;5600;KELP;2032;25;;;;;2035;25;;;;;2033.5;11.255859375
1;5600;RAINFOREST_RESIN;9998;2;9996;2;9995;23;10004;2;10005;23;;;10001.0;84.0
1;5700;RAINFOREST_RESIN;9996;1;9995;30;;;10004;1;10005;30;;;10000.0;84.0
1;5700;SQUID_INK;1859;4;1858;30;;;1862;31;;;;;1860.5;-821.59375
1;5700;KELP;2032;34;;;;;2035;31;;;;;2033.5;12.1015625
1;5800;RAINFOREST_RESIN;9996;2;9995;28;;;10004;2;10005;28;;;10000.0;84.0
1;5800;SQUID_INK;1858;30;;;;;1861;30;;;;;1859.5;-811.90625
1;5800;KELP;2032;30;;;;;2035;30;;;;;2033.5;11.728515625
1;5900;KELP;2032;23;;;;;2035;23;;;;;2033.5;11.9765625
1;5900;RAINFOREST_RESIN;9996;2;9995;21;;;10004;2;10005;21;;;10000.0;84.0
1;5900;SQUID_INK;1857;23;;;;;1860;23;;;;;1858.5;-758.5703125
1;6000;SQUID_INK;1859;30;;;;;1862;30;;;;;1860.5;-830.84375
1;6000;KELP;2032;30;;;;;2035;30;;;;;2033.5;12.703125
1;6000;RAINFOREST_RESIN;9995;30;;;;;10002;10;10005;30;;;9998.5;84.0
1;6100;RAINFOREST_RESIN;9996;1;9995;24;;;10004;1;10005;24;;;10000.0;84.0
1;6100;SQUID_INK;1859;25;;;;;1862;25;;;;;1860.5;-827.8984375
1;6100;KELP;2032;25;;;;;2035;25;;;;;2033.5;10.025390625
1;6200;RAINFOREST_RESIN;9998;3;9996;1;9995;29;10004;1;10005;29;;;10001.0;84.0
1;6200;SQUID_INK;1861;1;1859;30;;;1862;30;;;;;1861.5;-850.0546875
1;6200;KELP;2034;1;2032;30;;;2035;30;;;;;2034.5;11.48828125
1;6300;KELP;2032;22;;;;;2035;22;;;;;2033.5;12.310546875
1;6300;RAINFOREST_RESIN;9995;22;;;;;10005;22;;;;;10000.0;84.0
1;6300;SQUID_INK;1859;22;;;;;1862;22;;;;;1860.5;-853.6328125
1;6400;SQUID_INK;1858;24;;;;;1862;24;;;;;1860.0;-819.7421875
1;6400;KELP;2032;24;;;;;2035;24;;;;;2033.5;12.080078125
1;6400;RAINFOREST_RESIN;9996;1;9995;23;;;10002;6;10004;1;10005;23;9999.0;84.0
1;6500;RAINFOREST_RESIN;9995;22;;;;;10005;22;;;;;10000.0;84.0
1;6500;SQUID_INK;1859;22;;;;;1862;22;;;;;1860.5;-860.9453125
1;6500;KELP;2032;22;;;;;2035;22;;;;;2033.5;12.080078125
1;6600;RAINFOREST_RESIN;9996;2;9995;27;;;10004;2;10005;27;;;10000.0;84.0
1;6600;SQUID_INK;1860;22;;;;;1863;29;;;;;1861.5;-897.4140625
1;6600;KELP;2032;22;;;;;2035;29;;;;;2033.5;13.302734375
1;6700;KELP;2032;31;;;;;2034;7;2035;1;2036;30;2033.0;13.7734375
1;6700;RAINFOREST_RESIN;9996;1;9995;30;;;10004;1;10005;30;;;10000.0;84.0
1;6700;SQUID_INK;1859;31;;;;;1861;7;1862;31;;;1860.0;-853.8046875
1;6800;SQUID_INK;1860;4;1859;31;;;1862;2;1863;29;;;1861.0;-864.8203125
1;6800;KELP;2033;4;2032;31;;;2035;31;;;;;2034.0;12.87890625
1;6800;RAINFOREST_RESIN;10000;5;9996;2;9995;29;10004;2;10005;29;;;10002.0;84.0
1;6900;RAINFOREST_RESIN;9996;2;9995;27;;;10004;2;10005;27;;;10000.0;84.0
1;6900;SQUID_INK;1860;29;;;;;1862;3;1863;29;;;1861.0;-889.2734375
1;6900;KELP;2032;29;;;;;2034;3;2035;29;;;2033.0;12.97265625
1;7000;RAINFOREST_RESIN;9996;1;9995;30;;;10004;1;10005;30;;;10000.0;84.0
1;7000;SQUID_INK;1860;7;1859;31;;;1863;31;;;;;1861.5;-869.8125
1;7000;KELP;2032;38;;;;;2035;31;;;;;2033.5;12.966796875
1;7100;KELP;2032;31;;;;;2035;31;;;;;2033.5;13.279296875
1;7100;RAINFOREST_RESIN;9996;1;9995;30;;;9998;5;10002;7;10004;1;9997.0;84.0
1;7100;SQUID_INK;1860;31;;;;;1863;31;;;;;1861.5;-902.09375
1;7200;SQUID_INK;1859;29;;;;;1862;23;;;;;1860.5;-827.484375
1;7200;KELP;2032;29;;;;;2035;23;;;;;2033.5;12.9375
1;7200;RAINFOREST_RESIN;9996;1;9995;22;;;10002;1;10004;1;10005;22;9999.0;94.0
1;7300;RAINFOREST_RESIN;9996;1;9995;25;;;10004;1;10005;25;;;10000.0;94.0
1;7300;SQUID_INK;1858;26;;;;;1861;26;;;;;1859.5;-807.9453125
1;7300;KELP;2032;26;;;;;2035;26;;;;;2033.5;13.48828125
1;7400;RAINFOREST_RESIN;10002;1;9995;22;;;10005;22;;;;;10003.5;94.0
1;7400;SQUID_INK;1859;22;;;;;1862;22;;;;;1860.5;-830.5703125
1;7400;KELP;2032;22;;;;;2035;22;;;;;2033.5;13.0390625
1;7500;KELP;2032;29;;;;;2034;3;2035;29;;;2033.0;12.265625
1;7500;RAINFOREST_RESIN;9995;29;;;;;10005;29;;;;;10000.0;96.0
1;7500;SQUID_INK;1858;29;;;;;1860;3;1862;29;;;1859.0;-815.8046875
1;7600;SQUID_INK;1859;27;;;;;1862;27;;;;;1860.5;-836.6484375
1;7600;KELP;2032;27;;;;;2035;27;;;;;2033.5;12.8203125
1;7600;RAINFOREST_RESIN;10002;1;9995;27;;;10005;27;;;;;10003.5;96.0
1;7700;RAINFOREST_RESIN;9996;1;9995;25;;;10002;5;10004;1;10005;25;9999.0;98.0
1;7700;SQUID_INK;1858;26;;;;;1861;1;1862;25;;;1859.5;-816.34375
1;7700;KELP;2032;26;;;;;2035;26;;;;;2033.5;12.818359375
1;7800;RAINFOREST_RESIN;9995;23;;;;;10005;23;;;;;10000.0;98.0
1;7800;SQUID_INK;1859;1;1858;23;;;1861;23;;;;;1860.0;-814.1171875
1;7800;KELP;2032;24;;;;;2035;23;;;;;2033.5;13.029296875
1;7900;KELP;2032;24;;;;;2035;24;;;;;2033.5;12.587890625
1;7900;RAINFOREST_RESIN;9996;2;9995;22;;;10002;7;10004;2;10005;22;9999.0;98.0
1;7900;SQUID_INK;1858;2;1857;22;;;1861;24;;;;;1859.5;-774.3671875
1;8000;SQUID_INK;1858;1;1857;3;1856;30;1859;30;;;;;1858.5;-689.875
1;8000;KELP;2034;1;2033;3;2032;30;2035;30;;;;;2034.5;13.076171875
1;8000;RAINFOREST_RESIN;10000;3;9996;2;9995;28;10004;2;10005;28;;;10002.0;98.0
1;8100;SQUID_INK;1858;25;;;;;1861;25;;;;;1859.5;-778.939453125
1;8100;KELP;2032;25;;;;;2035;25;;;;;2033.5;11.8046875
1;8100;RAINFOREST_RESIN;9995;25;;;;;10005;25;;;;;10000.0;98.0
1;8200;SQUID_INK;1857;27;;;;;1860;27;;;;;1858.5;-769.853515625
1;8200;RAINFOREST_RESIN;9996;2;9995;25;;;10004;2;10005;25;;;10000.0;98.0
1;8200;KELP;2032;27;;;;;2035;27;;;;;2033.5;11.70703125
1;8300;KELP;2032;28;;;;;2035;28;;;;;2033.5;12.51953125
1;8300;RAINFOREST_RESIN;9998;9;9995;28;;;10005;28;;;;;10001.5;98.0
1;8300;SQUID_INK;1857;28;;;;;1860;28;;;;;1858.5;-808.498046875
1;8400;SQUID_INK;1857;29;;;;;1860;29;;;;;1858.5;-861.15625
1;8400;RAINFOREST_RESIN;9998;5;9995;29;;;10005;29;;;;;10001.5;98.0
1;8400;KELP;2032;29;;;;;2035;29;;;;;2033.5;13.5234375
1;8500;SQUID_INK;1858;35;;;;;1861;27;;;;;1859.5;-822.609375
1;8500;KELP;2032;35;;;;;2035;27;;;;;2033.5;13.71875
1;8500;RAINFOREST_RESIN;9996;2;9995;25;;;10004;2;10005;25;;;10000.0;98.0
1;8600;SQUID_INK;1857;29;;;;;1860;29;;;;;1858.5;-836.2890625
1;8600;RAINFOREST_RESIN;9996;2;9995;27;;;10004;2;10005;27;;;10000.0;98.0
1;8600;KELP;2032;29;;;;;2035;29;;;;;2033.5;13.62109375
1;8700;KELP;2034;1;2032;32;;;2035;24;;;;;2034.5;13.62109375
1;8700;SQUID_INK;1858;1;1857;8;1856;24;1859;2;1860;22;;;1858.5;-867.0703125
1;8700;RAINFOREST_RESIN;9996;2;9995;22;;;10004;2;10005;22;;;10000.0;98.0
1;8800;RAINFOREST_RESIN;9996;1;9995;30;;;10004;1;10005;30;;;10000.0;98.0
1;8800;KELP;2032;31;;;;;2035;1;2036;30;;;2033.5;14.41015625
1;8800;SQUID_INK;1857;31;;;;;1860;31;;;;;1858.5;-847.921875
1;8900;KELP;2032;28;;;;;2036;26;;;;;2034.0;14.31640625
1;8900;SQUID_INK;1856;28;;;;;1859;26;;;;;1857.5;-882.515625
1;8900;RAINFOREST_RESIN;9995;26;;;;;10005;26;;;;;10000.0;98.0
1;9000;SQUID_INK;1856;23;;;;;1859;23;;;;;1857.5;-888.296875
1;9000;RAINFOREST_RESIN;9995;23;;;;;10005;23;;;;;10000.0;98.0
1;9000;KELP;2032;23;;;;;2036;23;;;;;2034.0;14.50390625
1;9100;KELP;2033;5;2032;22;;;2036;22;;;;;2034.5;15.03125
1;9100;SQUID_INK;1855;27;;;;;1858;22;;;;;1856.5;-953.6328125
1;9100;RAINFOREST_RESIN;9995;22;;;;;9998;1;10005;22;;;9996.5;98.0
1;9200;RAINFOREST_RESIN;9996;2;9995;25;;;10004;2;10005;25;;;10000.0;100.0
1;9200;KELP;2033;3;2032;27;;;2036;27;;;;;2034.5;14.9609375
1;9200;SQUID_INK;1855;30;;;;;1858;27;;;;;1856.5;-944.0546875
1;9300;KELP;2032;30;;;;;2036;30;;;;;2034.0;15.775390625
1;9300;SQUID_INK;1854;30;;;;;1857;30;;;;;1855.5;-1004.7578125
1;9300;RAINFOREST_RESIN;10002;11;9998;1;9996;1;10004;1;10005;29;;;10003.0;100.0
1;9400;SQUID_INK;1855;33;;;;;1858;30;;;;;1856.5;-958.140625
1;9400;RAINFOREST_RESIN;10002;1;9996;2;9995;28;10004;2;10005;28;;;10003.0;122.0
1;9400;KELP;2033;3;2032;30;;;2036;30;;;;;2034.5;15.86328125
1;9500;KELP;2032;26;;;;;2036;26;;;;;2034.0;15.93359375
1;9500;SQUID_INK;1853;26;;;;;1856;26;;;;;1854.5;-1045.9765625
1;9500;RAINFOREST_RESIN;10002;1;9996;2;9995;24;10004;2;10005;24;;;10003.0;124.0
1;9600;RAINFOREST_RESIN;9996;1;9995;20;;;10002;6;10004;1;10005;20;9999.0;126.0
1;9600;KELP;2032;21;;;;;2036;21;;;;;2034.0;15.482421875
1;9600;SQUID_INK;1855;21;;;;;1858;21;;;;;1856.5;-957.2734375
1;9700;SQUID_INK;1855;31;;;;;1856;5;1857;5;1858;31;1855.5;-947.6875
1;9700;KELP;2032;31;;;;;2034;10;2036;31;;;2033.0;16.3828125
1;9700;RAINFOREST_RESIN;9996;1;9995;30;;;10000;4;10004;1;10005;30;9998.0;126.0
1;9800;SQUID_INK;1855;26;;;;;1858;26;;;;;1856.5;-947.953125
1;9800;RAINFOREST_RESIN;9998;1;9996;2;9995;24;10004;2;10005;24;;;10001.0;126.0
1;9800;KELP;2032;26;;;;;2036;26;;;;;2034.0;16.099609375
1;9900;SQUID_INK;1858;24;;;;;1861;24;;;;;1859.5;-794.171875
1;9900;KELP;2032;24;;;;;2036;24;;;;;2034.0;16.5703125
1;9900;RAINFOREST_RESIN;9995;24;;;;;10005;24;;;;;10000.0;126.0
1;10000;RAINFOREST_RESIN;9995;27;;;;;10005;27;;;;;10000.0;126.0
1;10000;KELP;2032;27;;;;;2036;27;;;;;2034.0;17.859375
1;10000;SQUID_INK;1856;27;;;;;1859;27;;;;;1857.5;-884.5625
1;10100;SQUID_INK;1857;21;;;;;1859;5;1860;21;;;1858.0;-860.38671875
1;10100;KELP;2033;21;;;;;2035;5;2036;21;;;2034.0;18.51953125
1;10100;RAINFOREST_RESIN;10002;4;9996;1;9995;20;10004;1;10005;20;;;10003.0;126.0
1;10200;SQUID_INK;1857;20;;;;;1860;20;;;;;1858.5;-857.57421875
1;10200;RAINFOREST_RESIN;9995;20;;;;;10005;20;;;;;10000.0;134.0
1;10200;KELP;2033;20;;;;;2036;20;;;;;2034.5;18.0078125
1;10300;SQUID_INK;1858;30;;;;;1861;25;;;;;1859.5;-846.7578125
1;10300;KELP;2033;30;;;;;2036;25;;;;;2034.5;18.365234375
1;10300;RAINFOREST_RESIN;9996;1;9995;24;;;10004;1;10005;24;;;10000.0;134.0
1;10400;RAINFOREST_RESIN;9995;25;;;;;10005;25;;;;;10000.0;134.0
1;10400;KELP;2033;25;;;;;2036;25;;;;;2034.5;19.099609375
1;10400;SQUID_INK;1856;25;;;;;1859;25;;;;;1857.5;-877.48388671875
1;10500;SQUID_INK;1856;34;;;;;1859;26;;;;;1857.5;-876.64208984375
1;10500;KELP;2033;34;;;;;2036;26;;;;;2034.5;18.923828125
1;10500;RAINFOREST_RESIN;9995;26;;;;;10005;26;;;;;10000.0;134.0
1;10600;SQUID_INK;1858;3;1856;20;;;1859;20;;;;;1858.5;-876.74560546875
1;10600;RAINFOREST_RESIN;9995;20;;;;;10005;20;;;;;10000.0;134.0
1;10600;KELP;2035;3;2033;20;;;2036;20;;;;;2035.5;19.017578125
1;10700;SQUID_INK;1857;31;;;;;1860;24;;;;;1858.5;-880.697265625
1;10700;KELP;2033;31;;;;;2036;24;;;;;2034.5;21.2568359375
1;10700;RAINFOREST_RESIN;9995;24;;;;;9998;3;10005;24;;;9996.5;134.0
1;10800;RAINFOREST_RESIN;9995;23;;;;;10002;1;10005;23;;;9998.5;140.0
1;10800;KELP;2033;29;;;;;2036;23;;;;;2034.5;21.01953125
1;10800;SQUID_INK;1857;6;1856;23;;;1859;23;;;;;1858.0;-876.6328125
1;10900;KELP;2033;23;;;;;2034;6;2036;23;;;2033.5;20.953125
1;10900;SQUID_INK;1860;1;1859;22;;;1861;6;1863;23;;;1860.5;-899.3173828125
1;10900;RAINFOREST_RESIN;9996;1;9995;22;;;10000;6;10004;1;10005;22;9998.0;140.0
1;11000;KELP;2033;27;;;;;2035;2;2036;27;;;2034.0;22.54296875
1;11000;SQUID_INK;1864;1;1863;26;;;1865;2;1867;27;;;1864.5;-932.875
1;11000;RAINFOREST_RESIN;9996;1;9995;26;;;10004;1;10005;26;;;10000.0;140.0
1;11100;SQUID_INK;1864;32;;;;;1867;31;;;;;1865.5;-935.89453125
1;11100;RAINFOREST_RESIN;9996;1;9995;30;;;10002;1;10004;1;10005;30;9999.0;140.0
1;11100;KELP;2033;2;2032;30;;;2036;31;;;;;2034.5;21.458984375
1;11200;RAINFOREST_RESIN;9996;2;9995;28;;;10004;2;10005;28;;;10000.0;140.0
1;11200;KELP;2032;30;;;;;2034;5;2036;30;;;2033.0;20.375
1;11200;SQUID_INK;1863;30;;;;;1865;5;1866;30;;;1864.0;-958.7734375
1;11300;KELP;2033;2;2032;25;;;2036;27;;;;;2034.5;21.29296875
1;11300;SQUID_INK;1862;27;;;;;1865;27;;;;;1863.5;-889.6015625
1;11300;RAINFOREST_RESIN;9996;2;9995;25;;;10002;2;10004;2;10005;25;9999.0;140.0
1;11400;KELP;2032;30;;;;;2036;30;;;;;2034.0;22.6640625
1;11400;SQUID_INK;1858;30;;;;;1861;30;;;;;1859.5;-704.2109375
1;11400;RAINFOREST_RESIN;9995;30;;;;;10005;30;;;;;10000.0;140.0
1;11500;SQUID_INK;1856;29;;;;;1858;5;1860;29;;;1857.0;-633.84375
1;11500;RAINFOREST_RESIN;9996;1;9995;28;;;10004;1;10005;28;;;10000.0;140.0
1;11500;KELP;2033;29;;;;;2035;5;2036;29;;;2034.0;22.9921875
1;11600;RAINFOREST_RESIN;9996;2;9995;22;;;10004;2;10005;22;;;10000.0;140.0
1;11600;KELP;2033;2;2032;22;;;2035;7;2036;24;;;2034.0;22.30078125
1;11600;SQUID_INK;1858;24;;;;;1860;7;1861;24;;;1859.0;-711.6328125
1;11700;KELP;2034;4;2033;2;2032;20;2036;22;;;;;2035.0;22.125
1;11700;SQUID_INK;1858;4;1857;22;;;1860;22;;;;;1859.0;-644.5
1;11700;RAINFOREST_RESIN;10000;4;9996;2;9995;20;10004;2;10005;20;;;10002.0;140.0
1;11800;KELP;2033;1;2032;21;;;2036;22;;;;;2034.5;21.4296875
1;11800;SQUID_INK;1857;22;;;;;1860;22;;;;;1858.5;-670.8046875
1;11800;RAINFOREST_RESIN;9998;10;9996;1;9995;21;10004;1;10005;21;;;10001.0;140.0
1;11900;SQUID_INK;1857;4;1856;23;;;1859;23;;;;;1858.0;-623.09375
1;11900;RAINFOREST_RESIN;10002;1;10000;4;9998;1;10004;1;10005;22;;;10003.0;140.0
1;11900;KELP;2034;4;2032;23;;;2036;23;;;;;2035.0;20.23828125
1;12000;RAINFOREST_RESIN;9996;1;9995;27;;;10004;1;10005;27;;;10000.0;142.0
1;12000;KELP;2033;1;2032;27;;;2036;28;;;;;2034.5;21.78125
1;12000;SQUID_INK;1855;28;;;;;1858;28;;;;;1856.5;-617.203125
1;12100;KELP;2032;25;;;;;2036;25;;;;;2034.0;20.75390625
1;12100;SQUID_INK;1853;25;;;;;1856;25;;;;;1854.5;-676.875
1;12100;RAINFOREST_RESIN;9996;2;9995;23;;;9998;8;10004;2;10005;23;9997.0;142.0
1;12200;KELP;2032;25;;;;;2036;25;;;;;2034.0;19.390625
1;12200;SQUID_INK;1855;25;;;;;1859;25;;;;;1857.0;-636.69921875
1;12200;RAINFOREST_RESIN;9996;2;9995;23;;;10004;2;10005;23;;;10000.0;158.0
1;12300;SQUID_INK;1856;29;;;;;1859;25;;;;;1857.5;-645.5546875
1;12300;RAINFOREST_RESIN;9996;1;9995;24;;;10002;3;10004;1;10005;24;9999.0;158.0
1;12300;KELP;2032;29;;;;;2035;25;;;;;2033.5;15.2421875
1;12400;RAINFOREST_RESIN;10002;1;9998;5;9995;29;10005;29;;;;;10003.5;158.0
1;12400;KELP;2032;29;;;;;2036;29;;;;;2034.0;18.5703125
1;12400;SQUID_INK;1857;29;;;;;1860;29;;;;;1858.5;-583.65625
1;12500;KELP;2033;3;2032;23;;;2035;1;2036;22;;;2034.0;15.8359375
1;12500;SQUID_INK;1858;3;1857;23;;;1860;23;;;;;1859.0;-594.53125
1;12500;RAINFOREST_RESIN;10000;3;9996;1;9995;22;10004;1;10005;22;;;10002.0;160.0
1;12600;KELP;2033;4;2032;26;;;2036;26;;;;;2034.5;18.06640625
1;12600;SQUID_INK;1859;4;1858;26;;;1861;26;;;;;1860.0;-547.1640625
1;12600;RAINFOREST_RESIN;10000;4;9995;26;;;10005;26;;;;;10002.5;160.0
1;12700;SQUID_INK;1856;28;;;;;1859;28;;;;;1857.5;-651.9921875
1;12700;RAINFOREST_RESIN;10002;1;9996;1;9995;27;10004;1;10005;27;;;10003.0;160.0
1;12700;KELP;2032;28;;;;;2035;28;;;;;2033.5;15.1640625
1;12800;RAINFOREST_RESIN;10000;4;9996;2;9995;28;10002;9;10004;2;10005;28;10001.0;162.0
1;12800;KELP;2033;4;2032;30;;;2035;2;2036;28;;;2034.0;15.49609375
1;12800;SQUID_INK;1854;4;1853;30;;;1856;30;;;;;1855.0;-803.4453125
1;12900;KELP;2032;23;;;;;2034;2;2035;2;2036;21;2033.0;15.328125
1;12900;SQUID_INK;1853;23;;;;;1855;2;1856;23;;;1854.0;-802.5
1;12900;RAINFOREST_RESIN;9996;2;9995;21;;;10002;4;10004;2;10005;21;9999.0;162.0
1;13000;KELP;2032;32;;;;;2035;32;;;;;2033.5;14.7109375
1;13000;SQUID_INK;1851;32;;;;;1854;2;1855;30;;;1852.5;-878.765625
1;13000;RAINFOREST_RESIN;9996;2;9995;30;;;10002;2;10004;2;10005;30;9999.0;162.0
1;13100;RAINFOREST_RESIN;9995;21;;;;;10000;2;10005;21;;;9997.5;162.0
1;13100;SQUID_INK;1851;21;;;;;1852;2;1854;21;;;1851.5;-891.875
1;13100;KELP;2032;21;;;;;2033;2;2036;21;;;2032.5;14.8828125
1;13200;RAINFOREST_RESIN;9998;9;9996;2;9995;29;10004;2;10005;29;;;10001.0;162.0
1;13200;KELP;2034;1;2032;38;;;2035;2;2036;29;;;2034.5;16.4453125
1;13200;SQUID_INK;1852;1;1850;38;;;1853;31;;;;;1852.5;-957.875
1;13300;KELP;2032;23;;;;;2035;1;2036;22;;;2033.5;17.51953125
1;13300;RAINFOREST_RESIN;10002;2;9996;1;9995;22;10004;1;10005;22;;;10003.0;162.0
1;13300;SQUID_INK;1851;23;;;;;1854;23;;;;;1852.5;-900.4140625
1;13400;KELP;2032;26;;;;;2035;26;;;;;2033.5;16.01953125
1;13400;SQUID_INK;1852;26;;;;;1855;26;;;;;1853.5;-863.5625
1;13400;RAINFOREST_RESIN;9995;26;;;;;10005;26;;;;;10000.0;166.0
1;13500;RAINFOREST_RESIN;9996;1;9995;24;;;10004;1;10005;24;;;10000.0;166.0
1;13500;SQUID_INK;1853;25;;;;;1856;25;;;;;1854.5;-811.546875
1;13500;KELP;2032;25;;;;;2035;25;;;;;2033.5;15.59375
1;13600;RAINFOREST_RESIN;9996;2;9995;24;;;10002;6;10004;2;10005;24;9999.0;166.0
1;13600;KELP;2032;26;;;;;2034;3;2035;26;;;2033.0;15.3828125
1;13600;SQUID_INK;1849;26;;;;;1851;3;1852;26;;;1850.0;-990.984375
1;13700;KELP;2032;28;;;;;2035;28;;;;;2033.5;15.1640625
1;13700;RAINFOREST_RESIN;10002;1;9995;28;;;10005;28;;;;;10003.5;166.0
1;13700;SQUID_INK;1847;28;;;;;1850;28;;;;;1848.5;-1119.4453125
1;13800;KELP;2032;23;;;;;2035;23;;;;;2033.5;14.9296875
1;13800;SQUID_INK;1846;23;;;;;1850;23;;;;;1848.0;-1130.3203125
1;13800;RAINFOREST_RESIN;9998;1;9995;23;;;10005;23;;;;;10001.5;168.0
1;13900;RAINFOREST_RESIN;9996;1;9995;20;;;10004;1;10005;20;;;10000.0;168.0
1;13900;SQUID_INK;1849;18;;;;;1852;21;;;;;1850.5;-1016.4375
1;13900;KELP;2032;21;;;;;2033;3;2035;21;;;2032.5;14.0703125
1;14000;RAINFOREST_RESIN;10002;6;9998;1;9996;1;10004;1;10005;28;;;10003.0;168.0
1;14000;KELP;2032;31;;;;;2035;29;;;;;2033.5;17.30859375
1;14000;SQUID_INK;1852;3;1851;28;;;1855;29;;;;;1853.5;-870.421875
1;14100;KELP;2032;22;;;;;2035;22;;;;;2033.5;16.5546875
1;14100;RAINFOREST_RESIN;9996;2;9995;20;;;10002;4;10004;2;10005;20;9999.0;180.0
1;14100;SQUID_INK;1851;22;;;;;1854;22;;;;;1852.5;-910.25
1;14200;SQUID_INK;1852;21;;;;;1855;21;;;;;1853.5;-851.40625
1;14200;KELP;2032;21;;;;;2035;21;;;;;2033.5;17.04296875
1;14200;RAINFOREST_RESIN;9995;21;;;;;10005;21;;;;;10000.0;180.0
1;14300;RAINFOREST_RESIN;9996;1;9995;21;;;10004;1;10005;21;;;10000.0;180.0
1;14300;SQUID_INK;1849;22;;;;;1852;22;;;;;1850.5;-1007.125
1;14300;KELP;2032;22;;;;;2035;1;2036;21;;;2033.5;19.71875
1;14400;RAINFOREST_RESIN;10002;4;9996;2;9995;21;10004;2;10005;21;;;10003.0;180.0
1;14400;SQUID_INK;1853;22;;;;;1856;23;;;;;1854.5;-810.078125
1;14400;KELP;2032;22;;;;;2036;23;;;;;2034.0;21.203125
1;14500;KELP;2032;29;;;;;2034;6;2035;1;2036;28;2033.0;19.51171875
1;14500;RAINFOREST_RESIN;9996;1;9995;28;;;10002;10;10004;1;10005;28;9999.0;188.0
1;14500;SQUID_INK;1852;1;1851;28;;;1853;6;1855;29;;;1852.5;-873.78125
1;14600;SQUID_INK;1848;28;;;;;1849;3;1851;28;;;1848.5;-1034.53125
1;14600;KELP;2032;28;;;;;2033;3;2035;1;2036;27;2032.5;20.46875
1;14600;RAINFOREST_RESIN;9996;1;9995;27;;;10004;1;10005;27;;;10000.0;188.0
1;14700;RAINFOREST_RESIN;9996;1;9995;23;;;10004;1;10005;23;;;10000.0;188.0
1;14700;SQUID_INK;1850;24;;;;;1852;2;1853;24;;;1851.0;-942.734375
1;14700;KELP;2032;24;;;;;2034;2;2035;1;2036;23;2033.0;23.58203125
1;14800;RAINFOREST_RESIN;9996;1;9995;30;;;9998;1;10004;1;10005;30;9997.0;188.0
1;14800;SQUID_INK;1849;31;;;;;1851;3;1852;1;1853;30;1850.0;-980.203125
1;14800;KELP;2032;31;;;;;2034;3;2036;31;;;2033.0;23.84765625
1;14900;KELP;2034;4;2032;26;;;2035;1;2036;25;;;2034.5;21.640625
1;14900;RAINFOREST_RESIN;9996;1;9995;25;;;10002;1;10004;1;10005;25;9999.0;190.0
1;14900;SQUID_INK;1853;4;1851;26;;;1854;26;;;;;1853.5;-888.7265625
1;15000;SQUID_INK;1849;6;1848;25;;;1852;27;;;;;1850.5;-1009.734375
1;15000;KELP;2033;4;2032;27;;;2035;2;2036;25;;;2034.0;24.0703125
1;15000;RAINFOREST_RESIN;9996;2;9995;25;;;10004;2;10005;25;;;10000.0;190.0
1;15100;RAINFOREST_RESIN;9996;1;9995;20;;;9998;1;10004;1;10005;20;9997.0;190.0
1;15100;SQUID_INK;1850;21;;;;;1853;21;;;;;1851.5;-951.0546875
1;15100;KELP;2032;21;;;;;2035;1;2036;20;;;2033.5;23.59765625
1;15200;RAINFOREST_RESIN;10000;4;9996;2;9995;21;10002;4;10004;2;10005;21;10001.0;192.0
1;15200;SQUID_INK;1849;4;1848;27;;;1851;23;;;;;1850.0;-1038.2421875
1;15200;KELP;2033;8;2032;23;;;2035;2;2036;21;;;2034.0;23.8125
1;15300;KELP;2032;24;;;;;2034;6;2035;2;2036;22;2033.0;24.046875
1;15300;RAINFOREST_RESIN;9996;2;9995;22;;;10002;7;10004;2;10005;22;9999.0;192.0
1;15300;SQUID_INK;1850;24;;;;;1852;6;1853;24;;;1851.0;-950.3046875
1;15400;SQUID_INK;1847;30;;;;;1850;30;;;;;1848.5;-1084.03125
1;15400;KELP;2032;30;;;;;2036;30;;;;;2034.0;22.63671875
1;15400;RAINFOREST_RESIN;9995;30;;;;;10005;30;;;;;10000.0;192.0
1;15500;RAINFOREST_RESIN;9995;25;;;;;9998;11;10005;25;;;9996.5;192.0
1;15500;SQUID_INK;1850;25;;;;;1853;25;;;;;1851.5;-960.625
1;15500;KELP;2032;25;;;;;2036;25;;;;;2034.0;24.95703125
1;15600;RAINFOREST_RESIN;9996;1;9995;22;;;10004;1;10005;22;;;10000.0;214.0
1;15600;SQUID_INK;1846;23;;;;;1849;23;;;;;1847.5;-1127.828125
1;15600;KELP;2032;23;;;;;2036;23;;;;;2034.0;29.6171875
1;15700;KELP;2033;2;2032;28;;;2034;1;2036;30;;;2033.5;30.0625
1;15700;RAINFOREST_RESIN;9996;2;9995;28;;;10004;2;10005;28;;;10000.0;214.0
1;15700;SQUID_INK;1847;30;;;;;1849;1;1850;30;;;1848.0;-1096.6484375
1;15800;SQUID_INK;1851;32;;;;;1854;28;;;;;1852.5;-882.9453125
1;15800;KELP;2033;6;2032;26;;;2036;28;;;;;2034.5;29.8203125
1;15800;RAINFOREST_RESIN;9998;6;9996;2;9995;26;10004;2;10005;26;;;10001.0;214.0
1;15900;RAINFOREST_RESIN;9996;1;9995;20;;;10002;8;10004;1;10005;20;9999.0;214.0
1;15900;SQUID_INK;1853;21;;;;;1854;3;1856;21;;;1853.5;-779.234375
1;15900;KELP;2032;21;;;;;2033;3;2036;21;;;2032.5;28.65234375
1;16000;RAINFOREST_RESIN;9996;2;9995;20;;;10004;2;10005;20;;;10000.0;214.0
1;16000;SQUID_INK;1856;22;;;;;1858;4;1859;22;;;1857.0;-729.12890625
1;16000;KELP;2032;22;;;;;2034;4;2036;22;;;2033.0;31.62109375
1;16100;KELP;2032;26;;;;;2033;1;2034;8;2036;27;2032.5;34.55078125
1;16100;RAINFOREST_RESIN;9996;1;9995;26;;;10004;1;10005;26;;;10000.0;214.0
1;16100;SQUID_INK;1856;27;;;;;1857;2;1858;8;1859;27;1856.5;-767.6669921875
1;16200;SQUID_INK;1853;26;;;;;1856;27;;;;;1854.5;-752.26171875
1;16200;KELP;2032;26;;;;;2036;27;;;;;2034.0;28.05078125
1;16200;RAINFOREST_RESIN;9995;27;;;;;10002;4;10005;27;;;9998.5;214.0
1;16300;RAINFOREST_RESIN;9996;1;9995;21;;;10004;1;10005;21;;;10000.0;214.0
1;16300;SQUID_INK;1850;22;;;;;1853;1;1854;21;;;1851.5;-671.640625
1;16300;KELP;2032;22;;;;;2035;22;;;;;2033.5;24.19921875
1;16400;RAINFOREST_RESIN;9996;2;9995;25;;;10002;6;10004;2;10005;25;9999.0;214.0
1;16400;SQUID_INK;1848;27;;;;;1850;7;1851;27;;;1849.0;-566.1171875
1;16400;KELP;2032;27;;;;;2034;7;2036;27;;;2033.0;29.1796875
1;16500;KELP;2032;22;;;;;2035;1;2036;22;;;2033.5;36.265625
1;16500;RAINFOREST_RESIN;9995;22;;;;;10005;22;;;;;10000.0;214.0
1;16500;SQUID_INK;1848;22;;;;;1849;1;1851;22;;;1848.5;-549.6015625
1;16600;SQUID_INK;1848;7;1847;26;;;1850;26;;;;;1849.0;-535.171875
1;16600;KELP;2033;7;2032;26;;;2036;26;;;;;2034.5;34.9296875
1;16600;RAINFOREST_RESIN;9995;26;;;;;10005;26;;;;;10000.0;214.0
1;16700;RAINFOREST_RESIN;10002;1;9998;2;9995;25;10005;25;;;;;10003.5;214.0
1;16700;SQUID_INK;1842;25;;;;;1845;25;;;;;1843.5;-505.166015625
1;16700;KELP;2032;25;;;;;2036;25;;;;;2034.0;36.02734375
1;16800;RAINFOREST_RESIN;10000;2;9996;2;9995;25;10004;2;10005;25;;;10002.0;216.0
1;16800;SQUID_INK;1838;2;1837;27;;;1840;27;;;;;1839.0;-607.474609375
1;16800;KELP;2034;2;2033;27;;;2036;27;;;;;2035.0;37.6640625
1;16900;KELP;2033;2;2032;22;;;2036;24;;;;;2034.5;36.42578125
1;16900;RAINFOREST_RESIN;9996;2;9995;22;;;10004;2;10005;22;;;10000.0;216.0
1;16900;SQUID_INK;1842;24;;;;;1845;24;;;;;1843.5;-443.9375
1;17000;SQUID_INK;1843;1;1842;26;;;1845;26;;;;;1844.0;-443.5703125
1;17000;RAINFOREST_RESIN;9996;1;9995;25;;;10004;1;10005;25;;;10000.0;216.0
1;17000;KELP;2033;2;2032;25;;;2036;26;;;;;2034.5;36.4140625
1;17100;SQUID_INK;1849;27;;;;;1852;1;1853;26;;;1850.5;-89.21875
1;17100;KELP;2033;1;2032;26;;;2036;27;;;;;2034.5;35.90234375
1;17100;RAINFOREST_RESIN;9996;1;9995;26;;;10004;1;10005;26;;;10000.0;216.0
1;17200;SQUID_INK;1848;33;;;;;1851;28;;;;;1849.5;-170.15625
1;17200;RAINFOREST_RESIN;9996;1;9995;27;;;10004;1;10005;27;;;10000.0;216.0
1;17200;KELP;2033;33;;;;;2036;28;;;;;2034.5;37.1640625
1;17300;KELP;2033;28;;;;;2035;6;2036;28;;;2034.0;37.40625
1;17300;RAINFOREST_RESIN;9996;1;9995;27;;;10004;1;10005;27;;;10000.0;216.0
1;17300;SQUID_INK;1848;28;;;;;1850;6;1851;28;;;1849.0;-142.515625
1;17400;RAINFOREST_RESIN;9995;25;;;;;9998;11;10005;25;;;9996.5;216.0
1;17400;KELP;2034;3;2033;27;;;2036;25;;;;;2035.0;38.39453125
1;17400;SQUID_INK;1849;3;1848;2;1847;25;1851;25;;;;;1850.0;-185.515625
1;17500;KELP;2033;28;;;;;2036;28;;;;;2034.5;37.0390625
1;17500;SQUID_INK;1848;28;;;;;1851;28;;;;;1849.5;-163.828125
1;17500;RAINFOREST_RESIN;9996;2;9995;26;;;10004;2;10005;26;;;10000.0;238.0
1;17600;SQUID_INK;1849;3;1848;30;;;1851;30;;;;;1850.0;-147.96875
1;17600;RAINFOREST_RESIN;9996;1;9995;29;;;10004;1;10005;29;;;10000.0;238.0
1;17600;KELP;2033;33;;;;;2036;30;;;;;2034.5;37.0546875
1;17700;KELP;2033;22;;;;;2036;22;;;;;2034.5;37.046875
1;17700;SQUID_INK;1847;22;;;;;1850;22;;;;;1848.5;-222.8203125
1;17700;RAINFOREST_RESIN;9998;2;9995;22;;;10005;22;;;;;10001.5;238.0
1;17800;RAINFOREST_RESIN;9996;2;9995;30;;;9998;3;10002;5;10004;2;9997.0;238.0
1;17800;KELP;2033;32;;;;;2035;5;2036;32;;;2034.0;37.94140625
1;17800;SQUID_INK;1848;32;;;;;1850;5;1851;32;;;1849.0;-162.5078125
1;17900;KELP;2035;1;2034;2;2033;21;2036;21;;;;;2035.5;37.71484375
1;17900;SQUID_INK;1849;1;1848;2;1847;21;1850;21;;;;;1849.5;-224.796875
1;17900;RAINFOREST_RESIN;9995;21;;;;;9998;1;10002;3;10005;21;9996.5;244.0
1;18000;SQUID_INK;1848;24;;;;;1852;24;;;;;1850.0;-134.96875
1;18000;RAINFOREST_RESIN;9995;24;;;;;10005;24;;;;;10000.0;246.0
1;18000;KELP;2033;24;;;;;2036;24;;;;;2034.5;38.8515625
1;18100;KELP;2033;30;;;;;2036;30;;;;;2034.5;39.5078125
1;18100;SQUID_INK;1842;30;;;;;1845;30;;;;;1843.5;-459.4375
1;18100;RAINFOREST_RESIN;9996;2;9995;28;;;10004;2;10005;28;;;10000.0;246.0
1;18200;RAINFOREST_RESIN;9996;2;9995;23;;;10002;10;10004;2;10005;23;9999.0;246.0
1;18200;KELP;2033;25;;;;;2036;25;;;;;2034.5;38.87890625
1;18200;SQUID_INK;1840;25;;;;;1843;25;;;;;1841.5;-572.109375
1;18300;KELP;2033;20;;;;;2036;20;;;;;2034.5;40.35546875
1;18300;SQUID_INK;1839;20;;;;;1842;20;;;;;1840.5;-593.8515625
1;18300;RAINFOREST_RESIN;9995;20;;;;;10005;20;;;;;10000.0;246.0
1;18400;SQUID_INK;1840;1;1839;1;1838;21;1842;22;;;;;1841.0;-632.40625
1;18400;RAINFOREST_RESIN;9996;1;9995;21;;;10004;1;10005;21;;;10000.0;246.0
1;18400;KELP;2035;1;2033;22;;;2036;22;;;;;2035.5;40.6171875
1;18500;SQUID_INK;1840;22;;;;;1843;23;;;;;1841.5;-578.3984375
1;18500;KELP;2033;22;;;;;2036;23;;;;;2034.5;42.671875
1;18500;RAINFOREST_RESIN;9996;2;9995;21;;;10004;2;10005;21;;;10000.0;246.0
1;18600;RAINFOREST_RESIN;9996;1;9995;21;;;10004;1;10005;21;;;10000.0;246.0
1;18600;KELP;2033;13;;;;;2036;22;;;;;2034.5;44.3828125
1;18600;SQUID_INK;1836;21;;;;;1837;8;1840;22;;;1836.5;-731.71875
1;18700;SQUID_INK;1838;30;;;;;1841;30;;;;;1839.5;-647.90625
1;18700;KELP;2033;30;;;;;2036;30;;;;;2034.5;44.56640625
1;18700;RAINFOREST_RESIN;10002;1;9995;30;;;10005;30;;;;;10003.5;246.0
1;18800;SQUID_INK;1836;24;;;;;1840;24;;;;;1838.0;-736.46875
1;18800;RAINFOREST_RESIN;9995;24;;;;;10002;7;10005;24;;;9998.5;248.0
1;18800;KELP;2033;24;;;;;2036;24;;;;;2034.5;42.265625
1;18900;SQUID_INK;1830;32;;;;;1833;25;;;;;1831.5;-1076.796875
1;18900;KELP;2033;32;;;;;2036;25;;;;;2034.5;43.93359375
1;18900;RAINFOREST_RESIN;10002;1;9995;25;;;10005;25;;;;;10003.5;248.0
1;19000;RAINFOREST_RESIN;9996;1;9995;30;;;10004;1;10005;30;;;10000.0;250.0
1;19000;KELP;2033;31;;;;;2036;31;;;;;2034.5;46.01171875
1;19000;SQUID_INK;1828;31;;;;;1831;31;;;;;1829.5;-1149.8125
1;19100;SQUID_INK;1821;23;;;;;1824;23;;;;;1822.5;-1493.5625
1;19100;KELP;2033;23;;;;;2036;23;;;;;2034.5;44.8515625
1;19100;RAINFOREST_RESIN;9996;2;9995;21;;;10004;2;10005;21;;;10000.0;250.0
1;19200;SQUID_INK;1823;26;;;;;1826;26;;;;;1824.5;-1420.046875
1;19200;RAINFOREST_RESIN;9995;26;;;;;10002;1;10005;26;;;9998.5;250.0
1;19200;KELP;2033;26;;;;;2036;26;;;;;2034.5;44.453125
1;19300;SQUID_INK;1825;25;;;;;1828;25;;;;;1826.5;-1291.7109375
1;19300;KELP;2033;25;;;;;2036;25;;;;;2034.5;45.046875
1;19300;RAINFOREST_RESIN;9996;2;9995;23;;;9998;6;10004;2;10005;23;9997.0;250.0
1;19400;RAINFOREST_RESIN;9996;2;9995;24;;;10002;5;10004;2;10005;24;9999.0;262.0
1;19400;KELP;2033;26;;;;;2036;26;;;;;2034.5;42.82421875
1;19400;SQUID_INK;1829;26;;;;;1832;26;;;;;1830.5;-1111.7421875
1;19500;SQUID_INK;1828;23;;;;;1832;23;;;;;1830.0;-1134.984375
1;19500;KELP;2033;23;;;;;2036;23;;;;;2034.5;43.42578125
1;19500;RAINFOREST_RESIN;9995;23;;;;;10005;23;;;;;10000.0;262.0
1;19600;SQUID_INK;1828;27;;;;;1831;27;;;;;1829.5;-1169.3984375
1;19600;RAINFOREST_RESIN;10002;1;9998;5;9996;1;10004;1;10005;26;;;10003.0;262.0
1;19600;KELP;2033;27;;;;;2036;27;;;;;2034.5;41.953125
1;19700;SQUID_INK;1826;31;;;;;1829;31;;;;;1827.5;-1256.171875
1;19700;RAINFOREST_RESIN;9996;2;9995;29;;;10004;2;10005;29;;;10000.0;264.0
1;19700;KELP;2033;31;;;;;2036;31;;;;;2034.5;39.7265625
1;19800;RAINFOREST_RESIN;9996;2;9995;26;;;10004;2;10005;26;;;10000.0;264.0
1;19800;KELP;2033;28;;;;;2036;28;;;;;2034.5;40.92578125
1;19800;SQUID_INK;1825;28;;;;;1828;28;;;;;1826.5;-1307.4765625
1;19900;KELP;2033;23;;;;;2036;23;;;;;2034.5;41.734375
1;19900;SQUID_INK;1826;23;;;;;1829;1;1830;22;;;1827.5;-1237.328125
1;19900;RAINFOREST_RESIN;9996;1;9995;22;;;9998;1;10004;1;10005;22;9997.0;264.0
1;20000;KELP;2033;26;;;;;2035;4;2036;26;;;2034.0;41.73046875
1;20000;SQUID_INK;1831;26;;;;;1833;4;1834;26;;;1832.0;-1020.359375
1;20000;RAINFOREST_RESIN;9995;26;;;;;9998;1;10005;26;;;9996.5;266.0
1;20100;SQUID_INK;1832;30;;;;;1834;4;1835;30;;;1833.0;-949.921875
1;20100;RAINFOREST_RESIN;9996;1;9995;29;;;9998;4;10004;1;10005;29;9997.0;268.0
1;20100;KELP;2033;30;;;;;2035;4;2036;30;;;2034.0;40.7265625
1;20200;RAINFOREST_RESIN;10002;1;9995;20;;;10005;20;;;;;10003.5;276.0
1;20200;KELP;2033;20;;;;;2036;20;;;;;2034.5;41.73046875
1;20200;SQUID_INK;1833;20;;;;;1837;20;;;;;1835.0;-887.3203125
1;20300;KELP;2033;24;;;;;2036;24;;;;;2034.5;40.50390625
1;20300;SQUID_INK;1833;24;;;;;1836;24;;;;;1834.5;-937.91015625
1;20300;RAINFOREST_RESIN;10002;4;9995;24;;;10005;24;;;;;10003.5;278.0
1;20400;KELP;2033;25;;;;;2036;28;;;;;2034.5;38.66796875
1;20400;SQUID_INK;1830;28;;;;;1831;3;1833;28;;;1830.5;-994.3984375
1;20400;RAINFOREST_RESIN;10002;2;9996;1;9995;27;10004;1;10005;27;;;10003.0;286.0
1;20500;SQUID_INK;1833;18;;;;;1836;26;;;;;1834.5;-967.19140625
1;20500;RAINFOREST_RESIN;9998;7;9996;1;9995;25;10004;1;10005;25;;;10001.0;290.0
1;20500;KELP;2033;18;;;;;2036;26;;;;;2034.5;39.484375
1;20600;RAINFOREST_RESIN;9996;1;9995;24;;;9998;4;10002;5;10004;1;9997.0;290.0
1;20600;KELP;2033;25;;;;;2036;25;;;;;2034.5;38.66796875
1;20600;SQUID_INK;1833;25;;;;;1836;25;;;;;1834.5;-992.763671875
1;20700;KELP;2034;2;2033;33;;;2036;30;;;;;2035.0;38.453125
1;20700;SQUID_INK;1837;2;1835;33;;;1838;30;;;;;1837.5;-1104.203125
1;20700;RAINFOREST_RESIN;9995;30;;;;;10005;30;;;;;10000.0;298.0
1;20800;KELP;2033;26;;;;;2036;26;;;;;2034.5;40.8828125
1;20800;SQUID_INK;1839;26;;;;;1842;26;;;;;1840.5;-1245.9921875
1;20800;RAINFOREST_RESIN;9996;2;9995;24;;;10004;2;10005;24;;;10000.0;298.0
1;20900;SQUID_INK;1837;31;;;;;1838;1;1840;2;1841;29;1837.5;-1184.5859375
1;20900;RAINFOREST_RESIN;9996;2;9995;29;;;10004;2;10005;29;;;10000.0;298.0
1;20900;KELP;2033;30;;;;;2036;31;;;;;2034.5;41.48828125
1;21000;RAINFOREST_RESIN;9996;1;9995;25;;;10004;1;10005;25;;;10000.0;298.0
1;21000;KELP;2033;26;;;;;2036;26;;;;;2034.5;42.91015625
1;21000;SQUID_INK;1835;26;;;;;1838;26;;;;;1836.5;-1069.671875
1;21100;KELP;2033;28;;;;;2034;2;2036;28;;;2033.5;40.6875
1;21100;SQUID_INK;1835;28;;;;;1836;2;1838;28;;;1835.5;-1058.34375
1;21100;RAINFOREST_RESIN;9995;28;;;;;10000;2;10005;28;;;9997.5;298.0
1;21200;KELP;2035;1;2033;29;;;2036;29;;;;;2035.5;42.5625
1;21200;SQUID_INK;1836;1;1834;29;;;1837;29;;;;;1836.5;-1002.546875
1;21200;RAINFOREST_RESIN;9995;29;;;;;9998;1;10005;29;;;9996.5;298.0
1;21300;SQUID_INK;1833;22;;;;;1835;2;1836;22;;;1834.0;-980.109375
1;21300;RAINFOREST_RESIN;9995;22;;;;;10005;22;;;;;10000.0;300.0
1;21300;KELP;2033;22;;;;;2035;2;2036;22;;;2034.0;42.7109375
1;21400;RAINFOREST_RESIN;9996;1;9995;29;;;10004;1;10005;29;;;10000.0;300.0
1;21400;KELP;2033;30;;;;;2036;30;;;;;2034.5;39.94140625
1;21400;SQUID_INK;1835;30;;;;;1838;30;;;;;1836.5;-1050.5390625
1;21500;KELP;2032;28;;;;;2033;5;2036;30;;;2032.5;38.01171875
1;21500;SQUID_INK;1838;28;;;;;1839;5;1842;30;;;1838.5;-1240.890625
1;21500;RAINFOREST_RESIN;9996;2;9995;28;;;10004;2;10005;28;;;10000.0;300.0
1;21600;KELP;2033;2;2032;20;;;2036;22;;;;;2034.5;42.9140625
1;21600;SQUID_INK;1843;22;;;;;1846;2;1847;20;;;1844.5;-1485.9609375
1;21600;RAINFOREST_RESIN;9998;5;9996;2;9995;20;10004;2;10005;20;;;10001.0;300.0
1;21700;SQUID_INK;1844;4;1843;27;;;1846;27;;;;;1845.0;-1476.3203125
1;21700;RAINFOREST_RESIN;9996;2;9995;25;;;10004;2;10005;25;;;10000.0;300.0
1;21700;KELP;2033;6;2032;25;;;2036;27;;;;;2034.5;44.2578125
1;21800;RAINFOREST_RESIN;9996;1;9995;25;;;10004;1;10005;25;;;10000.0;300.0
1;21800;KELP;2033;1;2032;25;;;2036;26;;;;;2034.5;42.953125
1;21800;SQUID_INK;1844;26;;;;;1847;26;;;;;1845.5;-1512.8828125
1;21900;KELP;2032;27;;;;;2036;27;;;;;2034.0;44.2734375
1;21900;RAINFOREST_RESIN;9995;27;;;;;10002;3;10005;27;;;9998.5;300.0
1;21900;SQUID_INK;1845;27;;;;;1848;27;;;;;1846.5;-1554.640625
1;22000;KELP;2033;22;;;;;2036;22;;;;;2034.5;45.08203125
1;22000;SQUID_INK;1844;22;;;;;1847;22;;;;;1845.5;-1529.859375
1;22000;RAINFOREST_RESIN;9996;2;9995;20;;;10004;2;10005;20;;;10000.0;300.0
1;22100;RAINFOREST_RESIN;9995;22;;;;;10005;22;;;;;10000.0;300.0
1;22100;SQUID_INK;1848;22;;;;;1850;4;1852;22;;;1849.0;-1742.546875
1;22100;KELP;2032;22;;;;;2034;4;2036;22;;;2033.0;43.50390625
1;22200;RAINFOREST_RESIN;10002;1;9995;23;;;10005;23;;;;;10003.5;300.0
1;22200;KELP;2033;3;2032;23;;;2036;23;;;;;2034.5;44.49609375
1;22200;SQUID_INK;1849;26;;;;;1852;23;;;;;1850.5;-1752.1875
1;22300;KELP;2033;30;;;;;2036;30;;;;;2034.5;46.3359375
1;22300;RAINFOREST_RESIN;9996;2;9995;28;;;10004;2;10005;28;;;10000.0;302.0
1;22300;SQUID_INK;1848;30;;;;;1851;2;1852;28;;;1849.5;-1735.5859375
1;22400;KELP;2033;24;;;;;2036;24;;;;;2034.5;46.6328125
1;22400;SQUID_INK;1846;24;;;;;1849;24;;;;;1847.5;-1596.3359375
1;22400;RAINFOREST_RESIN;9996;1;9995;23;;;10002;2;10004;1;10005;23;9999.0;302.0
1;22500;RAINFOREST_RESIN;9998;2;9995;27;;;10005;27;;;;;10001.5;302.0
1;22500;SQUID_INK;1849;1;1847;27;;;1851;27;;;;;1850.0;-1689.4921875
1;22500;KELP;2035;1;2032;27;;;2036;27;;;;;2035.5;44.83984375
1;22600;RAINFOREST_RESIN;9998;5;9996;1;9995;25;10004;1;10005;25;;;10001.0;302.0
1;22600;KELP;2035;1;2034;4;2033;30;2036;26;;;;;2035.5;46.8125
1;22600;SQUID_INK;1851;1;1850;4;1849;30;1852;26;;;;;1851.5;-1743.6015625
1;22700;KELP;2033;26;;;;;2036;26;;;;;2034.5;47.56640625
1;22700;RAINFOREST_RESIN;9996;1;9995;25;;;10002;9;10004;1;10005;25;9999.0;302.0
1;22700;SQUID_INK;1849;26;;;;;1852;26;;;;;1850.5;-1770.75
1;22800;KELP;2033;27;;;;;2036;27;;;;;2034.5;48.1484375
1;22800;SQUID_INK;1847;27;;;;;1850;27;;;;;1848.5;-1655.9296875
1;22800;RAINFOREST_RESIN;10002;1;9996;1;9995;26;10004;1;10005;26;;;10003.0;302.0
1;22900;RAINFOREST_RESIN;10002;2;9996;1;9995;22;10004;1;10005;22;;;10003.0;304.0
1;22900;SQUID_INK;1845;23;;;;;1846;1;1847;4;1848;1;1845.5;-1586.0859375
1;22900;KELP;2033;22;;;;;2035;4;2036;23;;;2034.0;47.875
1;23000;RAINFOREST_RESIN;9996;1;9995;20;;;10002;2;10004;1;10005;20;9999.0;308.0
1;23000;SQUID_INK;1847;1;1845;21;;;1848;21;;;;;1847.5;-1577.65625
1;23000;KELP;2035;1;2033;21;;;2036;21;;;;;2035.5;47.59375
1;23100;KELP;2033;35;;;;;2036;28;;;;;2034.5;50.2578125
1;23100;RAINFOREST_RESIN;9996;2;9995;26;;;10004;2;10005;26;;;10000.0;308.0
1;23100;SQUID_INK;1844;7;1843;28;;;1846;2;1847;26;;;1845.0;-1483.125
1;23200;SQUID_INK;1842;26;;;;;1845;25;;;;;1843.5;-1401.1328125
1;23200;KELP;2033;26;;;;;2036;25;;;;;2034.5;48.62890625
1;23200;RAINFOREST_RESIN;9996;1;9995;24;;;10002;4;10004;1;10005;24;9999.0;308.0
1;23300;RAINFOREST_RESIN;9996;2;9995;21;;;10004;2;10005;21;;;10000.0;308.0
1;23300;SQUID_INK;1841;23;;;;;1844;23;;;;;1842.5;-1432.91015625
1;23300;KELP;2033;23;;;;;2036;23;;;;;2034.5;49.984375
1;23400;RAINFOREST_RESIN;9996;1;9995;29;;;10004;1;10005;29;;;10000.0;308.0
1;23400;SQUID_INK;1840;30;;;;;1843;1;1844;29;;;1841.5;-1458.955810546875
1;23400;KELP;2033;30;;;;;2036;30;;;;;2034.5;54.07421875
1;23500;KELP;2033;34;;;;;2036;31;;;;;2034.5;53.8046875
1;23500;RAINFOREST_RESIN;9996;1;9995;30;;;10004;1;10005;30;;;10000.0;308.0
1;23500;SQUID_INK;1841;34;;;;;1844;31;;;;;1842.5;-1460.316162109375
1;23600;SQUID_INK;1843;26;;;;;1846;2;1847;25;;;1844.5;-1434.42578125
1;23600;KELP;2033;26;;;;;2036;27;;;;;2034.5;52.4453125
1;23600;RAINFOREST_RESIN;9996;2;9995;25;;;10004;2;10005;25;;;10000.0;308.0
1;23700;RAINFOREST_RESIN;9996;1;9995;20;;;10004;1;10005;20;;;10000.0;308.0
1;23700;SQUID_INK;1846;1;1844;21;;;1847;1;1848;20;;;1846.5;-1405.29296875
1;23700;KELP;2035;1;2033;21;;;2036;21;;;;;2035.5;51.9453125
1;23800;RAINFOREST_RESIN;9995;22;;;;;10005;22;;;;;10000.0;308.0
1;23800;SQUID_INK;1842;22;;;;;1846;22;;;;;1844.0;-1465.15234375
1;23800;KELP;2033;22;;;;;2036;22;;;;;2034.5;52.32421875
1;23900;KELP;2033;27;;;;;2036;27;;;;;2034.5;52.58203125
1;23900;RAINFOREST_RESIN;9995;27;;;;;10005;27;;;;;10000.0;308.0
1;23900;SQUID_INK;1843;27;;;;;1846;27;;;;;1844.5;-1458.2109375
1;24000;SQUID_INK;1845;35;;;;;1848;29;;;;;1846.5;-1384.6875
1;24000;KELP;2033;35;;;;;2036;29;;;;;2034.5;52.31640625
1;24000;RAINFOREST_RESIN;9995;29;;;;;10005;29;;;;;10000.0;308.0
1;24100;RAINFOREST_RESIN;9996;2;9995;20;;;10004;2;10005;20;;;10000.0;308.0
1;24100;SQUID_INK;1841;2;1840;20;;;1844;22;;;;;1842.5;-1599.5546875
1;24100;KELP;2033;22;;;;;2036;22;;;;;2034.5;50.74609375
1;24200;RAINFOREST_RESIN;9996;1;9995;23;;;10002;7;10004;1;10005;23;9999.0;308.0
1;24200;SQUID_INK;1849;1;1848;23;;;1850;8;1852;24;;;1849.5;-1200.3046875
1;24200;KELP;2033;24;;;;;2035;8;2036;24;;;2034.0;50.75390625
1;24300;KELP;2033;26;;;;;2035;5;2036;27;;;2034.0;52.88671875
1;24300;RAINFOREST_RESIN;10002;1;9995;27;;;10005;27;;;;;10003.5;308.0
1;24300;SQUID_INK;1846;26;;;;;1848;5;1849;27;;;1847.0;-1331.9140625
1;24400;SQUID_INK;1845;37;;;;;1848;29;;;;;1846.5;-1380.328125
1;24400;KELP;2033;37;;;;;2036;29;;;;;2034.5;53.17578125
1;24400;RAINFOREST_RESIN;9996;1;9995;28;;;10004;1;10005;28;;;10000.0;310.0
1;24500;RAINFOREST_RESIN;9996;2;9995;24;;;10002;10;10004;2;10005;24;9999.0;310.0
1;24500;SQUID_INK;1844;26;;;;;1847;26;;;;;1845.5;-1409.7734375
1;24500;KELP;2033;26;;;;;2036;26;;;;;2034.5;53.69140625
1;24600;RAINFOREST_RESIN;9996;2;9995;22;;;10002;10;10004;2;10005;22;9999.0;310.0
1;24600;SQUID_INK;1846;24;;;;;1849;24;;;;;1847.5;-1318.6015625
1;24600;KELP;2033;24;;;;;2036;24;;;;;2034.5;52.640625
1;24700;KELP;2033;22;;;;;2036;22;;;;;2034.5;53.4453125
1;24700;RAINFOREST_RESIN;9996;2;9995;20;;;10004;2;10005;20;;;10000.0;310.0
1;24700;SQUID_INK;1848;22;;;;;1851;22;;;;;1849.5;-1312.90234375
1;24800;SQUID_INK;1849;28;;;;;1852;28;;;;;1850.5;-1342.31005859375
1;24800;KELP;2033;28;;;;;2036;28;;;;;2034.5;53.17578125
1;24800;RAINFOREST_RESIN;9995;28;;;;;10005;28;;;;;10000.0;310.0
1;24900;RAINFOREST_RESIN;9998;7;9995;24;;;10005;24;;;;;10001.5;310.0
1;24900;SQUID_INK;1848;24;;;;;1852;24;;;;;1850.0;-1371.82421875
1;24900;KELP;2033;24;;;;;2036;24;;;;;2034.5;55.25
1;25000;RAINFOREST_RESIN;10002;1;9996;1;9995;27;10004;1;10005;27;;;10003.0;310.0
1;25000;SQUID_INK;1852;28;;;;;1855;28;;;;;1853.5;-1587.3828125
1;25000;KELP;2033;28;;;;;2036;28;;;;;2034.5;56.3203125
1;25100;KELP;2033;27;;;;;2036;27;;;;;2034.5;58.765625
1;25100;RAINFOREST_RESIN;9998;8;9996;1;9995;26;10004;1;10005;26;;;10001.0;312.0
1;25100;SQUID_INK;1850;27;;;;;1853;27;;;;;1851.5;-1478.1484375
1;25200;SQUID_INK;1851;32;;;;;1852;4;1854;26;;;1851.5;-1532.75
1;25200;KELP;2033;32;;;;;2034;4;2036;26;;;2033.5;61.40234375
1;25200;RAINFOREST_RESIN;9996;2;9995;24;;;10000;4;10004;2;10005;24;9998.0;312.0
1;25300;RAINFOREST_RESIN;9998;9;9996;1;9995;21;10004;1;10005;21;;;10001.0;312.0
1;25300;SQUID_INK;1854;22;;;;;1857;22;;;;;1855.5;-1678.34375
1;25300;KELP;2033;22;;;;;2036;22;;;;;2034.5;64.3984375
1;25400;RAINFOREST_RESIN;10002;3;9996;2;9995;27;10004;2;10005;27;;;10003.0;312.0
1;25400;SQUID_INK;1852;29;;;;;1855;29;;;;;1853.5;-1596.5703125
1;25400;KELP;2033;29;;;;;2036;29;;;;;2034.5;58.62109375
1;25500;KELP;2033;24;;;;;2035;6;2036;24;;;2034.0;57.37890625
1;25500;RAINFOREST_RESIN;9996;1;9995;23;;;10004;1;10005;23;;;10000.0;318.0
1;25500;SQUID_INK;1852;24;;;;;1854;6;1855;1;1856;23;1853.0;-1612.0390625
1;25600;SQUID_INK;1853;24;;;;;1855;6;1856;24;;;1854.0;-1658.5
1;25600;KELP;2033;24;;;;;2035;6;2036;24;;;2034.0;56.15625
1;25600;RAINFOREST_RESIN;9995;24;;;;;10005;24;;;;;10000.0;318.0
1;25700;RAINFOREST_RESIN;9996;1;9995;24;;;10004;1;10005;24;;;10000.0;318.0
1;25700;SQUID_INK;1849;25;;;;;1852;25;;;;;1850.5;-1458.140625
1;25700;KELP;2033;25;;;;;2036;25;;;;;2034.5;55.859375
1;25800;RAINFOREST_RESIN;10002;1;9996;2;9995;27;10004;2;10005;27;;;10003.0;318.0
1;25800;SQUID_INK;1849;29;;;;;1852;29;;;;;1850.5;-1447.8828125
1;25800;KELP;2033;29;;;;;2036;29;;;;;2034.5;54.65625
1;25900;KELP;2033;29;;;;;2036;29;;;;;2034.5;56.48046875
1;25900;RAINFOREST_RESIN;9996;2;9995;27;;;10004;2;10005;27;;;10000.0;320.0
1;25900;SQUID_INK;1849;29;;;;;1852;29;;;;;1850.5;-1440.8125
1;26000;SQUID_INK;1851;1;1849;27;;;1852;27;;;;;1851.5;-1454.8515625
1;26000;RAINFOREST_RESIN;9995;27;;;;;10005;27;;;;;10000.0;320.0
1;26000;KELP;2035;1;2033;27;;;2036;27;;;;;2035.5;57.39453125
1;26100;SQUID_INK;1850;1;1849;2;1848;25;1851;1;1852;24;;;1850.5;-1415.015625
1;26100;KELP;2035;1;2033;27;;;2036;25;;;;;2035.5;57.9375
1;26100;RAINFOREST_RESIN;10002;1;9998;3;9996;1;10004;1;10005;24;;;10003.0;320.0
1;26200;SQUID_INK;1848;29;;;;;1851;29;;;;;1849.5;-1401.9453125
1;26200;RAINFOREST_RESIN;10002;1;9996;2;9995;27;10004;2;10005;27;;;10003.0;322.0
1;26200;KELP;2033;29;;;;;2036;29;;;;;2034.5;56.77734375
1;26300;KELP;2033;25;;;;;2036;26;;;;;2034.5;56.7734375
1;26300;SQUID_INK;1847;25;;;;;1851;26;;;;;1849.0;-1368.2578125
1;26300;RAINFOREST_RESIN;9996;1;9995;25;;;10002;1;10004;1;10005;25;9999.0;324.0
1;26400;RAINFOREST_RESIN;9995;27;;;;;10005;27;;;;;10000.0;324.0
1;26400;KELP;2033;27;;;;;2036;27;;;;;2034.5;56.78125
1;26400;SQUID_INK;1848;27;;;;;1851;27;;;;;1849.5;-1379.09375
1;26500;KELP;2033;22;;;;;2036;22;;;;;2034.5;57.90625
1;26500;SQUID_INK;1847;22;;;;;1850;22;;;;;1848.5;-1328.1484375
1;26500;RAINFOREST_RESIN;9996;1;9995;21;;;10004;1;10005;21;;;10000.0;324.0
1;26600;SQUID_INK;1847;31;;;;;1850;31;;;;;1848.5;-1364.8359375
1;26600;RAINFOREST_RESIN;9996;2;9995;29;;;9998;4;10004;2;10005;29;9997.0;324.0
1;26600;KELP;2033;31;;;;;2036;31;;;;;2034.5;59.59765625
1;26700;KELP;2035;1;2033;34;;;2036;26;;;;;2035.5;59.3125
1;26700;SQUID_INK;1846;1;1845;8;1844;26;1847;26;;;;;1846.5;-1429.4580078125
1;26700;RAINFOREST_RESIN;9995;26;;;;;10005;26;;;;;10000.0;332.0
1;26800;RAINFOREST_RESIN;10002;1;9998;7;9995;20;10005;20;;;;;10003.5;332.0
1;26800;KELP;2033;20;;;;;2036;20;;;;;2034.5;59.58203125
1;26800;SQUID_INK;1844;20;;;;;1847;20;;;;;1845.5;-1480.60546875
1;26900;KELP;2033;22;;;;;2036;22;;;;;2034.5;58.22265625
1;26900;SQUID_INK;1846;22;;;;;1849;22;;;;;1847.5;-1397.546875
1;26900;RAINFOREST_RESIN;9995;22;;;;;10005;22;;;;;10000.0;334.0
1;27000;SQUID_INK;1849;27;;;;;1850;6;1852;27;;;1849.5;-1266.9921875
1;27000;RAINFOREST_RESIN;9998;2;9996;1;9995;26;10004;1;10005;26;;;10001.0;334.0
1;27000;KELP;2033;27;;;;;2035;6;2036;27;;;2034.0;60.6796875
1;27100;KELP;2035;1;2033;29;;;2036;29;;;;;2035.5;60.40234375
1;27100;SQUID_INK;1851;1;1849;29;;;1852;29;;;;;1851.5;-1243.65625
1;27100;RAINFOREST_RESIN;9996;2;9995;27;;;9998;1;10002;10;10004;2;9997.0;334.0
1;27200;RAINFOREST_RESIN;9998;3;9996;2;9995;23;10004;2;10005;23;;;10001.0;336.0
1;27200;KELP;2035;1;2033;32;;;2036;25;;;;;2035.5;60.09375
1;27200;SQUID_INK;1853;1;1851;32;;;1854;25;;;;;1853.5;-1165.0546875
1;27300;KELP;2033;24;;;;;2036;25;;;;;2034.5;61.08984375
1;27300;SQUID_INK;1850;24;;;;;1853;25;;;;;1851.5;-1210.078125
1;27300;RAINFOREST_RESIN;9995;25;;;;;10002;8;10005;25;;;9998.5;336.0
1;27400;SQUID_INK;1849;6;1848;23;;;1851;1;1852;22;;;1850.0;-1277.96875
1;27400;RAINFOREST_RESIN;9996;1;9995;22;;;9998;3;10004;1;10005;22;9997.0;336.0
1;27400;KELP;2034;6;2033;23;;;2036;23;;;;;2035.0;60.08984375
1;27500;SQUID_INK;1848;30;;;;;1851;30;;;;;1849.5;-1304.15625
1;27500;KELP;2033;30;;;;;2036;30;;;;;2034.5;61.5703125
1;27500;RAINFOREST_RESIN;9995;30;;;;;10005;30;;;;;10000.0;342.0
1;27600;RAINFOREST_RESIN;9996;2;9995;26;;;10002;4;10004;2;10005;26;9999.0;342.0
1;27600;KELP;2035;1;2033;34;;;2036;28;;;;;2035.5;61.578125
1;27600;SQUID_INK;1851;1;1849;34;;;1852;28;;;;;1851.5;-1259.265625
1;27700;SQUID_INK;1849;32;;;;;1852;32;;;;;1850.5;-1264.59375
1;27700;KELP;2033;32;;;;;2036;32;;;;;2034.5;61.59375
1;27700;RAINFOREST_RESIN;9996;2;9995;30;;;10004;2;10005;30;;;10000.0;342.0
1;27800;SQUID_INK;1848;27;;;;;1851;22;;;;;1849.5;-1287.015625
1;27800;RAINFOREST_RESIN;9998;2;9996;2;9995;20;10004;2;10005;20;;;10001.0;342.0
1;27800;KELP;2033;27;;;;;2036;22;;;;;2034.5;62.30859375
1;27900;SQUID_INK;1848;29;;;;;1850;8;1851;29;;;1849.0;-1287.84375
1;27900;KELP;2033;29;;;;;2035;8;2036;29;;;2034.0;62.05859375
1;27900;RAINFOREST_RESIN;9995;29;;;;;10005;29;;;;;10000.0;342.0
1;28000;RAINFOREST_RESIN;9995;22;;;;;10005;22;;;;;10000.0;342.0
1;28000;KELP;2033;26;;;;;2036;22;;;;;2034.5;60.859375
1;28000;SQUID_INK;1849;26;;;;;1852;22;;;;;1850.5;-1248.3671875
1;28100;SQUID_INK;1848;1;1847;20;;;1851;21;;;;;1849.5;-1315.15625
1;28100;KELP;2033;21;;;;;2036;21;;;;;2034.5;60.375
1;28100;RAINFOREST_RESIN;9996;1;9995;20;;;10004;1;10005;20;;;10000.0;342.0
1;28200;SQUID_INK;1849;23;;;;;1852;23;;;;;1850.5;-1235.7578125
1;28200;RAINFOREST_RESIN;9995;23;;;;;10005;23;;;;;10000.0;342.0
1;28200;KELP;2033;23;;;;;2036;23;;;;;2034.5;62.30859375
1;28300;SQUID_INK;1849;30;;;;;1852;30;;;;;1850.5;-1264.328125
1;28300;KELP;2033;30;;;;;2036;30;;;;;2034.5;61.33984375
1;28300;RAINFOREST_RESIN;9996;2;9995;28;;;10004;2;10005;28;;;10000.0;342.0
1;28400;RAINFOREST_RESIN;9995;20;;;;;10002;8;10005;20;;;9998.5;342.0
1;28400;KELP;2033;20;;;;;2036;20;;;;;2034.5;60.8515625
1;28400;SQUID_INK;1849;20;;;;;1853;20;;;;;1851.0;-1227.109375
1;28500;KELP;2033;33;;;;;2036;30;;;;;2034.5;61.33203125
1;28500;SQUID_INK;1847;33;;;;;1850;30;;;;;1848.5;-1346.546875
1;28500;RAINFOREST_RESIN;9996;2;9995;28;;;10004;2;10005;28;;;10000.0;342.0
1;28600;KELP;2033;27;;;;;2034;5;2036;28;;;2033.5;62.71875
1;28600;SQUID_INK;1848;27;;;;;1849;5;1851;28;;;1848.5;-1314.234375
1;28600;RAINFOREST_RESIN;9996;2;9995;26;;;10000;5;10002;5;10004;2;9998.0;342.0
1;28700;SQUID_INK;1848;23;;;;;1851;24;;;;;1849.5;-1293.0078125
1;28700;RAINFOREST_RESIN;9998;8;9996;2;9995;22;10004;2;10005;22;;;10001.0;342.0
1;28700;KELP;2033;23;;;;;2036;24;;;;;2034.5;66.44921875
1;28800;RAINFOREST_RESIN;9995;21;;;;;10002;8;10005;21;;;9998.5;342.0
1;28800;KELP;2033;21;;;;;2036;21;;;;;2034.5;68.80078125
1;28800;SQUID_INK;1848;21;;;;;1851;21;;;;;1849.5;-1279.078125
1;28900;KELP;2033;24;;;;;2036;23;;;;;2034.5;68.5
1;28900;SQUID_INK;1850;24;;;;;1853;23;;;;;1851.5;-1205.8515625
1;28900;RAINFOREST_RESIN;9996;1;9995;22;;;10002;5;10004;1;10005;22;9999.0;342.0
1;29000;KELP;2033;26;;;;;2036;26;;;;;2034.5;68.8046875
1;29000;SQUID_INK;1851;2;1850;24;;;1854;26;;;;;1852.5;-1164.703125
1;29000;RAINFOREST_RESIN;10002;1;9996;2;9995;24;10004;2;10005;24;;;10003.0;342.0
1;29100;SQUID_INK;1850;23;;;;;1853;23;;;;;1851.5;-1185.8984375
1;29100;RAINFOREST_RESIN;9995;23;;;;;10002;2;10005;23;;;9998.5;344.0
1;29100;KELP;2033;23;;;;;2036;23;;;;;2034.5;70.30859375
1;29200;RAINFOREST_RESIN;9996;1;9995;22;;;10004;1;10005;22;;;10000.0;344.0
1;29200;KELP;2033;23;;;;;2036;23;;;;;2034.5;70.58203125
1;29200;SQUID_INK;1850;23;;;;;1853;1;1854;22;;;1851.5;-1175.3671875
1;29300;KELP;2033;23;;;;;2036;23;;;;;2034.5;70.29296875
1;29300;SQUID_INK;1850;1;1849;22;;;1853;23;;;;;1851.5;-1217.4375
1;29300;RAINFOREST_RESIN;9996;1;9995;22;;;10004;1;10005;22;;;10000.0;344.0
1;29400;KELP;2033;25;;;;;2036;25;;;;;2034.5;70.00390625
1;29400;SQUID_INK;1851;25;;;;;1854;25;;;;;1852.5;-1161.7578125
1;29400;RAINFOREST_RESIN;9996;2;9995;23;;;10002;4;10004;2;10005;23;9999.0;344.0
1;29500;SQUID_INK;1850;19;;;;;1853;20;;;;;1851.5;-1212.453125
1;29500;RAINFOREST_RESIN;9998;6;9995;20;;;10005;20;;;;;10001.5;344.0
1;29500;KELP;2033;19;;;;;2036;20;;;;;2034.5;69.41796875
1;29600;RAINFOREST_RESIN;9996;1;9995;26;;;10000;4;10004;1;10005;26;9998.0;344.0
1;29600;KELP;2033;27;;;;;2034;4;2036;27;;;2033.5;70.01953125
1;29600;SQUID_INK;1853;27;;;;;1854;4;1856;27;;;1853.5;-1145.4921875
1;29700;KELP;2033;23;;;;;2035;8;2036;23;;;2034.0;71.5859375
1;29700;SQUID_INK;1851;1;1850;22;;;1852;8;1854;23;;;1851.5;-1170.15234375
1;29700;RAINFOREST_RESIN;9996;1;9995;22;;;10002;7;10004;1;10005;22;9999.0;344.0
1;29800;KELP;2035;1;2033;29;;;2036;25;;;;;2035.5;72.1484375
1;29800;SQUID_INK;1855;1;1853;29;;;1856;25;;;;;1855.5;-1182.841796875
1;29800;RAINFOREST_RESIN;9995;25;;;;;10005;25;;;;;10000.0;344.0
1;29900;SQUID_INK;1854;32;;;;;1857;32;;;;;1855.5;-1186.7822265625
1;29900;RAINFOREST_RESIN;9996;2;9995;30;;;10004;2;10005;30;;;10000.0;344.0
1;29900;KELP;2033;32;;;;;2036;32;;;;;2034.5;72.75390625
1;30000;RAINFOREST_RESIN;9998;10;9996;2;9995;23;10004;2;10005;23;;;10001.0;344.0
1;30000;KELP;2033;29;;;;;2036;25;;;;;2034.5;73.7265625
1;30000;SQUID_INK;1854;29;;;;;1857;25;;;;;1855.5;-1245.171875
1;30100;KELP;2033;21;;;;;2036;1;2037;20;;;2034.5;75.3359375
1;30100;SQUID_INK;1853;21;;;;;1856;21;;;;;1854.5;-1194.0625
1;30100;RAINFOREST_RESIN;9996;1;9995;20;;;10004;1;10005;20;;;10000.0;344.0
1;30200;KELP;2033;30;;;;;2036;2;2037;28;;;2034.5;76.984375
1;30200;SQUID_INK;1851;30;;;;;1854;2;1855;28;;;1852.5;-1126.7890625
1;30200;RAINFOREST_RESIN;9996;2;9995;28;;;9998;1;10002;8;10004;2;9997.0;344.0
1;30300;SQUID_INK;1851;31;;;;;1853;1;1854;31;;;1852.0;-1111.3984375
1;30300;RAINFOREST_RESIN;10002;4;9996;2;9995;29;10004;2;10005;29;;;10003.0;346.0
1;30300;KELP;2033;31;;;;;2035;1;2036;2;2037;29;2034.0;76.6640625
1;30400;RAINFOREST_RESIN;9995;30;;;;;10005;30;;;;;10000.0;354.0
1;30400;KELP;2035;2;2033;30;;;2037;30;;;;;2036.0;78.28515625
1;30400;SQUID_INK;1852;2;1850;30;;;1853;30;;;;;1852.5;-1068.8828125
1;30500;KELP;2034;5;2033;30;;;2037;30;;;;;2035.5;78.49609375
1;30500;SQUID_INK;1852;35;;;;;1855;30;;;;;1853.5;-1146.4921875
1;30500;RAINFOREST_RESIN;9996;2;9995;28;;;10004;2;10005;28;;;10000.0;354.0
1;30600;KELP;2033;32;;;;;2035;7;2036;2;2037;30;2034.0;78.32421875
1;30600;SQUID_INK;1851;2;1850;30;;;1852;7;1854;32;;;1851.5;-1081.3828125
1;30600;RAINFOREST_RESIN;10002;1;9996;2;9995;30;10004;2;10005;30;;;10003.0;354.0
1;30700;SQUID_INK;1851;2;1850;27;;;1854;29;;;;;1852.5;-1084.296875
1;30700;RAINFOREST_RESIN;9996;2;9995;27;;;10004;2;10005;27;;;10000.0;356.0
1;30700;KELP;2033;29;;;;;2037;29;;;;;2035.0;79.26953125
1;30800;RAINFOREST_RESIN;9998;8;9996;2;9995;29;10004;2;10005;29;;;10001.0;356.0
1;30800;KELP;2033;31;;;;;2036;2;2037;29;;;2034.5;78.34765625
1;30800;SQUID_INK;1849;31;;;;;1852;31;;;;;1850.5;-1019.9609375
1;30900;KELP;2033;21;;;;;2035;7;2036;21;;;2034.0;73.71875
1;30900;RAINFOREST_RESIN;9995;21;;;;;10005;21;;;;;10000.0;356.0
1;30900;SQUID_INK;1850;21;;;;;1852;7;1853;21;;;1851.0;-1072.357421875
1;31000;KELP;2035;6;2033;28;;;2036;28;;;;;2035.5;74.328125
1;31000;SQUID_INK;1851;6;1849;28;;;1852;2;1853;26;;;1851.5;-1074.505859375
1;31000;RAINFOREST_RESIN;9996;2;9995;26;;;10002;2;10004;2;10005;26;9999.0;356.0
1;31100;RAINFOREST_RESIN;10002;1;9995;23;;;10005;23;;;;;10003.5;356.0
1;31100;SQUID_INK;1850;14;;;;;1853;23;;;;;1851.5;-1077.39990234375
1;31100;KELP;2033;23;;;;;2034;9;2037;23;;;2033.5;80.0
1;31200;RAINFOREST_RESIN;9996;1;9995;21;;;10002;6;10004;1;10005;21;9999.0;358.0
1;31200;KELP;2033;21;;;;;2035;8;2037;22;;;2034.0;96.953125
1;31200;SQUID_INK;1850;21;;;;;1852;8;1853;22;;;1851.0;-1078.54443359375
1;31300;KELP;2034;2;2033;20;;;2037;22;;;;;2035.5;95.953125
1;31300;RAINFOREST_RESIN;9996;2;9995;20;;;10004;2;10005;20;;;10000.0;358.0
1;31300;SQUID_INK;1851;2;1850;20;;;1854;22;;;;;1852.5;-1079.7939453125
1;31400;KELP;2033;22;;;;;2037;22;;;;;2035.0;95.203125
1;31400;SQUID_INK;1851;22;;;;;1855;22;;;;;1853.0;-1075.220703125
1;31400;RAINFOREST_RESIN;9995;22;;;;;10005;22;;;;;10000.0;358.0
1;31500;RAINFOREST_RESIN;9996;1;9995;21;;;10004;1;10005;21;;;10000.0;358.0
1;31500;SQUID_INK;1852;22;;;;;1855;22;;;;;1853.5;-1071.4033203125
1;31500;KELP;2034;1;2033;21;;;2037;22;;;;;2035.5;97.6328125
1;31600;RAINFOREST_RESIN;9995;24;;;;;9998;3;10005;24;;;9996.5;358.0
1;31600;KELP;2033;24;;;;;2037;24;;;;;2035.0;97.96875
1;31600;SQUID_INK;1851;24;;;;;1854;24;;;;;1852.5;-1077.9853515625
1;31700;KELP;2033;29;;;;;2037;29;;;;;2035.0;95.9765625
1;31700;RAINFOREST_RESIN;9995;29;;;;;10002;3;10005;29;;;9998.5;364.0
1;31700;SQUID_INK;1852;29;;;;;1856;29;;;;;1854.0;-1070.1064453125
1;31800;KELP;2035;2;2033;24;;;2037;24;;;;;2036.0;94.28125
1;31800;SQUID_INK;1850;2;1849;24;;;1852;24;;;;;1851.0;-1087.9404296875
1;31800;RAINFOREST_RESIN;9996;2;9995;22;;;10002;2;10004;2;10005;22;9999.0;364.0
1;31900;RAINFOREST_RESIN;9996;2;9995;26;;;10004;2;10005;26;;;10000.0;364.0
1;31900;SQUID_INK;1848;8;1847;26;;;1851;28;;;;;1849.5;-1165.32421875
1;31900;KELP;2034;6;2033;28;;;2037;28;;;;;2035.5;92.22265625
1;32000;RAINFOREST_RESIN;9996;2;9995;20;;;10002;10;10004;2;10005;20;9999.0;364.0
1;32000;SQUID_INK;1847;22;;;;;1850;22;;;;;1848.5;-1238.1953125
1;32000;KELP;2033;22;;;;;2037;22;;;;;2035.0;88.7421875
1;32100;KELP;2033;25;;;;;2037;25;;;;;2035.0;84.734375
1;32100;RAINFOREST_RESIN;9998;9;9995;25;;;10005;25;;;;;10001.5;364.0
1;32100;SQUID_INK;1848;25;;;;;1851;25;;;;;1849.5;-1202.90625
1;32200;SQUID_INK;1846;25;;;;;1849;25;;;;;1847.5;-1276.84375
1;32200;KELP;2033;25;;;;;2036;1;2037;24;;;2034.5;86.9375
1;32200;RAINFOREST_RESIN;9996;1;9995;24;;;10002;5;10004;1;10005;24;9999.0;364.0
1;32300;RAINFOREST_RESIN;10000;3;9996;2;9995;30;10004;2;10005;30;;;10002.0;364.0
1;32300;SQUID_INK;1847;3;1846;32;;;1849;32;;;;;1848.0;-1272.9296875
1;32300;KELP;2034;3;2033;32;;;2037;32;;;;;2035.5;89.13671875
1;32400;RAINFOREST_RESIN;9998;2;9995;29;;;10005;29;;;;;10001.5;364.0
1;32400;SQUID_INK;1846;29;;;;;1849;29;;;;;1847.5;-1285.6484375
1;32400;KELP;2033;29;;;;;2037;29;;;;;2035.0;91.0234375
1;32500;KELP;2034;3;2033;24;;;2037;26;;;;;2035.5;95.1171875
1;32500;RAINFOREST_RESIN;10002;1;9996;2;9995;24;10004;2;10005;24;;;10003.0;364.0
1;32500;SQUID_INK;1846;1;1845;26;;;1848;2;1849;24;;;1847.0;-1313.3359375
1;32600;SQUID_INK;1843;28;;;;;1846;28;;;;;1844.5;-1450.8828125
1;32600;KELP;2034;2;2033;26;;;2037;28;;;;;2035.5;95.421875
1;32600;RAINFOREST_RESIN;9998;1;9996;2;9995;26;10004;2;10005;26;;;10001.0;366.0
1;32700;RAINFOREST_RESIN;9996;2;9995;30;;;10004;2;10005;30;;;10000.0;366.0
1;32700;SQUID_INK;1839;32;;;;;1842;32;;;;;1840.5;-1650.6484375
1;32700;KELP;2034;32;;;;;2037;32;;;;;2035.5;98.03515625
1;32800;RAINFOREST_RESIN;9995;29;;;;;10005;29;;;;;10000.0;366.0
1;32800;SQUID_INK;1838;29;;;;;1841;29;;;;;1839.5;-1700.3125
1;32800;KELP;2034;29;;;;;2037;29;;;;;2035.5;98.65625
1;32900;KELP;2034;21;;;;;2037;21;;;;;2035.5;98.03515625
1;32900;RAINFOREST_RESIN;9996;1;9995;20;;;10002;10;10004;1;10005;20;9999.0;366.0
1;32900;SQUID_INK;1834;21;;;;;1837;21;;;;;1835.5;-1878.5625
1;33000;SQUID_INK;1837;28;;;;;1839;4;1840;28;;;1838.0;-1739.8203125
1;33000;KELP;2034;28;;;;;2036;4;2037;28;;;2035.0;98.6328125
1;33000;RAINFOREST_RESIN;9998;2;9995;28;;;10005;28;;;;;10001.5;366.0
1;33100;RAINFOREST_RESIN;9996;1;9995;25;;;10004;1;10005;25;;;10000.0;366.0
1;33100;SQUID_INK;1836;26;;;;;1839;26;;;;;1837.5;-1803.0859375
1;33100;KELP;2034;1;2033;25;;;2037;26;;;;;2035.5;96.40625
1;33200;RAINFOREST_RESIN;9996;1;9995;23;;;10004;1;10005;23;;;10000.0;366.0
1;33200;SQUID_INK;1835;24;;;;;1837;5;1838;24;;;1836.0;-1833.2109375
1;33200;KELP;2034;1;2033;23;;;2035;5;2037;24;;;2034.5;94.82421875
1;33300;KELP;2034;31;;;;;2037;31;;;;;2035.5;99.1015625
1;33300;RAINFOREST_RESIN;9996;1;9995;30;;;10002;1;10004;1;10005;30;9999.0;366.0
1;33300;SQUID_INK;1833;31;;;;;1836;31;;;;;1834.5;-1936.6875
1;33400;SQUID_INK;1833;20;;;;;1835;2;1836;20;;;1834.0;-1922.5
1;33400;KELP;2034;20;;;;;2036;2;2037;20;;;2035.0;99.4609375
1;33400;RAINFOREST_RESIN;9995;20;;;;;10005;20;;;;;10000.0;366.0
1;33500;RAINFOREST_RESIN;9996;2;9995;21;;;10002;4;10004;2;10005;21;9999.0;366.0
1;33500;SQUID_INK;1840;23;;;;;1843;23;;;;;1841.5;-1585.4140625
1;33500;KELP;2034;2;2033;21;;;2037;23;;;;;2035.5;98.375
1;33600;RAINFOREST_RESIN;9995;27;;;;;9998;2;10005;27;;;9996.5;366.0
1;33600;SQUID_INK;1843;27;;;;;1846;27;;;;;1844.5;-1443.03125
1;33600;KELP;2033;27;;;;;2037;27;;;;;2035.0;98.375
1;33700;KELP;2034;1;2033;25;;;2036;6;2037;26;;;2035.0;98.390625
1;33700;RAINFOREST_RESIN;9996;1;9995;25;;;10004;1;10005;25;;;10000.0;370.0
1;33700;SQUID_INK;1842;26;;;;;1844;6;1845;26;;;1843.0;-1466.34375
1;33800;SQUID_INK;1845;21;;;;;1848;21;;;;;1846.5;-1323.671875
1;33800;KELP;2033;21;;;;;2037;21;;;;;2035.0;98.390625
1;33800;RAINFOREST_RESIN;9995;21;;;;;10002;4;10005;21;;;9998.5;370.0
1;33900;RAINFOREST_RESIN;9996;1;9995;27;;;10004;1;10005;27;;;10000.0;370.0
1;33900;SQUID_INK;1845;28;;;;;1848;28;;;;;1846.5;-1363.890625
1;33900;KELP;2034;28;;;;;2037;28;;;;;2035.5;100.9609375
1;34000;RAINFOREST_RESIN;9996;2;9995;28;;;10004;2;10005;28;;;10000.0;370.0
1;34000;SQUID_INK;1848;1;1846;30;;;1849;30;;;;;1848.5;-1406.6451416015625
1;34000;KELP;2036;1;2034;2;2033;28;2037;30;;;;;2036.5;98.8125
1;34100;KELP;2034;27;;;;;2037;27;;;;;2035.5;99.9375
1;34100;RAINFOREST_RESIN;9996;2;9995;25;;;10004;2;10005;25;;;10000.0;370.0
1;34100;SQUID_INK;1845;27;;;;;1848;2;1849;25;;;1846.5;-1406.0
1;34200;SQUID_INK;1847;32;;;;;1850;32;;;;;1848.5;-1493.015625
1;34200;KELP;2034;2;2033;30;;;2037;32;;;;;2035.5;98.8671875
1;34200;RAINFOREST_RESIN;9996;2;9995;30;;;10002;2;10004;2;10005;30;9999.0;370.0
1;34300;RAINFOREST_RESIN;9996;1;9995;28;;;10004;1;10005;28;;;10000.0;370.0
1;34300;SQUID_INK;1846;28;;;;;1849;29;;;;;1847.5;-1500.6484375
1;34300;KELP;2034;28;;;;;2037;29;;;;;2035.5;100.3046875
1;34400;RAINFOREST_RESIN;9996;2;9995;28;;;10004;2;10005;28;;;10000.0;370.0
1;34400;SQUID_INK;1846;30;;;;;1849;30;;;;;1847.5;-1501.8359375
1;34400;KELP;2034;2;2033;28;;;2037;30;;;;;2035.5;99.6015625
1;34500;KELP;2034;24;;;;;2037;24;;;;;2035.5;99.953125
1;34500;RAINFOREST_RESIN;9996;2;9995;22;;;10004;2;10005;22;;;10000.0;370.0
1;34500;SQUID_INK;1844;24;;;;;1847;24;;;;;1845.5;-1403.125
1;34600;SQUID_INK;1846;24;;;;;1849;24;;;;;1847.5;-1474.6640625
1;34600;KELP;2034;24;;;;;2037;24;;;;;2035.5;102.3984375
1;34600;RAINFOREST_RESIN;9995;24;;;;;10005;24;;;;;10000.0;370.0
1;34700;SQUID_INK;1847;32;;;;;1850;25;;;;;1848.5;-1534.859375
1;34700;KELP;2034;32;;;;;2037;25;;;;;2035.5;101.6796875
1;34700;RAINFOREST_RESIN;9996;2;9995;23;;;10004;2;10005;23;;;10000.0;370.0
1;34800;SQUID_INK;1846;14;;;;;1849;24;;;;;1847.5;-1490.84375
1;34800;RAINFOREST_RESIN;9998;3;9996;2;9995;22;10004;2;10005;22;;;10001.0;370.0
1;34800;KELP;2034;14;;;;;2037;24;;;;;2035.5;104.8828125
1;34900;KELP;2034;24;;;;;2037;24;;;;;2035.5;107.75
1;34900;RAINFOREST_RESIN;9995;24;;;;;10005;24;;;;;10000.0;370.0
1;34900;SQUID_INK;1844;24;;;;;1848;24;;;;;1846.0;-1406.453125
1;35000;SQUID_INK;1844;29;;;;;1847;29;;;;;1845.5;-1391.21875
1;35000;RAINFOREST_RESIN;9995;29;;;;;10005;29;;;;;10000.0;370.0
1;35000;KELP;2034;29;;;;;2037;29;;;;;2035.5;113.28125
1;35100;SQUID_INK;1844;23;;;;;1847;23;;;;;1845.5;-1370.6328125
1;35100;KELP;2034;23;;;;;2037;23;;;;;2035.5;113.6171875
1;35100;RAINFOREST_RESIN;9996;2;9995;21;;;10004;2;10005;21;;;10000.0;370.0
1;35200;SQUID_INK;1844;24;;;;;1846;3;1847;24;;;1845.0;-1394.4921875
1;35200;RAINFOREST_RESIN;9995;24;;;;;10005;24;;;;;10000.0;370.0
1;35200;KELP;2034;24;;;;;2036;3;2037;24;;;2035.0;115.6875
1;35300;KELP;2034;31;;;;;2037;23;;;;;2035.5;117.5859375
1;35300;SQUID_INK;1845;31;;;;;1848;23;;;;;1846.5;-1428.1953125
1;35300;RAINFOREST_RESIN;9998;8;9996;1;9995;22;10004;1;10005;22;;;10001.0;370.0
1;35400;RAINFOREST_RESIN;10002;1;9996;2;9995;25;10004;2;10005;25;;;10003.0;370.0
1;35400;KELP;2034;27;;;;;2037;2;2038;25;;;2035.5;119.6640625
1;35400;SQUID_INK;1844;27;;;;;1847;27;;;;;1845.5;-1382.8125
1;35500;KELP;2034;29;;;;;2037;29;;;;;2035.5;116.0859375
1;35500;SQUID_INK;1845;29;;;;;1848;29;;;;;1846.5;-1437.171875
1;35500;RAINFOREST_RESIN;9996;2;9995;27;;;10004;2;10005;27;;;10000.0;372.0
1;35600;SQUID_INK;1844;24;;;;;1847;24;;;;;1845.5;-1393.2890625
1;35600;RAINFOREST_RESIN;9996;1;9995;23;;;10002;3;10004;1;10005;23;9999.0;372.0
1;35600;KELP;2034;24;;;;;2037;24;;;;;2035.5;104.0546875
1;35700;KELP;2034;2;2033;29;;;2037;31;;;;;2035.5;98.34375
1;35700;SQUID_INK;1842;31;;;;;1845;31;;;;;1843.5;-1294.84375
1;35700;RAINFOREST_RESIN;9996;2;9995;29;;;10002;9;10004;2;10005;29;9999.0;372.0
1;35800;RAINFOREST_RESIN;9996;2;9995;21;;;10004;2;10005;21;;;10000.0;372.0
1;35800;KELP;2034;29;;;;;2037;23;;;;;2035.5;103.96875
1;35800;SQUID_INK;1843;29;;;;;1846;23;;;;;1844.5;-1352.890625
1;35900;KELP;2034;30;;;;;2037;30;;;;;2035.5;105.3984375
1;35900;SQUID_INK;1839;30;;;;;1842;2;1843;28;;;1840.5;-1399.06396484375
1;35900;RAINFOREST_RESIN;9996;2;9995;28;;;10004;2;10005;28;;;10000.0;372.0
1;36000;SQUID_INK;1841;30;;;;;1842;2;1843;2;1844;30;1841.5;-1390.0703125
1;36000;RAINFOREST_RESIN;9995;30;;;;;10000;2;10002;9;10005;30;9997.5;372.0
1;36000;KELP;2034;30;;;;;2035;2;2036;2;2037;30;2034.5;105.046875
1;36100;KELP;2034;23;;;;;2036;6;2037;23;;;2035.0;110.3203125
1;36100;SQUID_INK;1841;23;;;;;1843;6;1844;23;;;1842.0;-1392.2275390625
1;36100;RAINFOREST_RESIN;9998;7;9996;2;9995;21;10004;2;10005;21;;;10001.0;372.0
1;36200;RAINFOREST_RESIN;9998;5;9996;1;9995;29;10004;1;10005;29;;;10001.0;372.0
1;36200;KELP;2034;30;;;;;2037;30;;;;;2035.5;103.921875
1;36200;SQUID_INK;1842;30;;;;;1845;30;;;;;1843.5;-1377.33984375
1;36300;SQUID_INK;1843;31;;;;;1846;31;;;;;1844.5;-1390.4375
1;36300;KELP;2034;31;;;;;2037;31;;;;;2035.5;109.9140625
1;36300;RAINFOREST_RESIN;9996;1;9995;30;;;10004;1;10005;30;;;10000.0;372.0
1;36400;SQUID_INK;1842;30;;;;;1845;29;;;;;1843.5;-1419.5390625
1;36400;RAINFOREST_RESIN;9996;1;9995;28;;;10002;8;10004;1;10005;28;9999.0;372.0
1;36400;KELP;2034;30;;;;;2037;29;;;;;2035.5;113.640625
1;36500;SQUID_INK;1843;28;;;;;1846;29;;;;;1844.5;-1367.1015625
1;36500;KELP;2034;28;;;;;2037;29;;;;;2035.5;114.0078125
1;36500;RAINFOREST_RESIN;9996;2;9995;27;;;10004;2;10005;27;;;10000.0;372.0
1;36600;RAINFOREST_RESIN;9996;1;9995;30;;;10000;2;10004;1;10005;30;9998.0;372.0
1;36600;KELP;2034;31;;;;;2035;2;2037;31;;;2034.5;113.3125
1;36600;SQUID_INK;1841;31;;;;;1842;2;1844;31;;;1841.5;-1453.3125
1;36700;SQUID_INK;1842;22;;;;;1845;22;;;;;1843.5;-1418.2421875
1;36700;KELP;2034;22;;;;;2037;22;;;;;2035.5;114.4921875
1;36700;RAINFOREST_RESIN;10002;1;9996;1;9995;21;10004;1;10005;21;;;10003.0;372.0
1;36800;SQUID_INK;1844;2;1843;23;;;1847;25;;;;;1845.5;-1348.8203125
1;36800;RAINFOREST_RESIN;9996;2;9995;23;;;10004;2;10005;23;;;10000.0;374.0
1;36800;KELP;2034;25;;;;;2037;25;;;;;2035.5;114.09375
1;36900;SQUID_INK;1845;22;;;;;1848;22;;;;;1846.5;-1284.625
1;36900;KELP;2034;22;;;;;2037;22;;;;;2035.5;113.6875
1;36900;RAINFOREST_RESIN;9998;6;9995;22;;;10005;22;;;;;10001.5;374.0
1;37000;RAINFOREST_RESIN;9996;2;9995;20;;;10004;2;10005;20;;;10000.0;374.0
1;37000;KELP;2034;22;;;;;2037;22;;;;;2035.5;114.0625
1;37000;SQUID_INK;1844;22;;;;;1847;22;;;;;1845.5;-1348.140625
1;37100;SQUID_INK;1845;5;1844;24;;;1847;24;;;;;1846.0;-1349.171875
1;37100;KELP;2035;5;2034;24;;;2037;24;;;;;2036.0;112.84375
1;37100;RAINFOREST_RESIN;10000;5;9995;24;;;10005;24;;;;;10002.5;374.0
1;37200;SQUID_INK;1844;29;;;;;1847;29;;;;;1845.5;-1348.828125
1;37200;RAINFOREST_RESIN;9996;2;9995;27;;;10004;2;10005;27;;;10000.0;374.0
1;37200;KELP;2034;29;;;;;2037;29;;;;;2035.5;112.0546875
1;37300;SQUID_INK;1840;23;;;;;1842;4;1843;23;;;1841.0;-1414.90234375
1;37300;KELP;2034;23;;;;;2036;4;2037;23;;;2035.0;112.828125
1;37300;RAINFOREST_RESIN;9996;1;9995;22;;;10004;1;10005;22;;;10000.0;374.0
1;37400;RAINFOREST_RESIN;9995;22;;;;;10005;22;;;;;10000.0;374.0
1;37400;KELP;2034;26;;;;;2037;22;;;;;2035.5;113.234375
1;37400;SQUID_INK;1842;26;;;;;1845;22;;;;;1843.5;-1381.09765625
1;37500;KELP;2035;5;2034;31;;;2037;31;;;;;2036.0;110.0546875
1;37500;SQUID_INK;1844;5;1843;31;;;1846;31;;;;;1845.0;-1351.89453125
1;37500;RAINFOREST_RESIN;10000;5;9996;1;9995;30;10004;1;10005;30;;;10002.0;374.0
1;37600;KELP;2034;25;;;;;2036;5;2037;25;;;2035.0;109.265625
1;37600;SQUID_INK;1845;25;;;;;1847;5;1848;25;;;1846.0;-1315.90234375
1;37600;RAINFOREST_RESIN;9996;1;9995;24;;;10004;1;10005;24;;;10000.0;374.0
1;37700;SQUID_INK;1844;20;;;;;1847;20;;;;;1845.5;-1352.1494140625
1;37700;RAINFOREST_RESIN;10002;1;9995;20;;;10005;20;;;;;10003.5;374.0
1;37700;KELP;2034;20;;;;;2037;20;;;;;2035.5;110.0546875
1;37800;RAINFOREST_RESIN;9996;2;9995;23;;;10004;2;10005;23;;;10000.0;376.0
1;37800;KELP;2034;25;;;;;2037;25;;;;;2035.5;108.8828125
1;37800;SQUID_INK;1848;25;;;;;1851;25;;;;;1849.5;-1478.08203125
1;37900;KELP;2034;29;;;;;2037;29;;;;;2035.5;109.671875
1;37900;SQUID_INK;1848;29;;;;;1851;29;;;;;1849.5;-1516.0859375
1;37900;RAINFOREST_RESIN;9996;2;9995;27;;;10004;2;10005;27;;;10000.0;376.0
1;38000;KELP;2034;30;;;;;2037;30;;;;;2035.5;112.8515625
1;38000;SQUID_INK;1848;30;;;;;1852;30;;;;;1850.0;-1542.46875
1;38000;RAINFOREST_RESIN;9998;3;9995;30;;;10005;30;;;;;10001.5;376.0
1;38100;SQUID_INK;1848;29;;;;;1850;4;1851;29;;;1849.0;-1521.7890625
1;38100;RAINFOREST_RESIN;9998;4;9996;1;9995;28;10004;1;10005;28;;;10001.0;376.0
1;38100;KELP;2034;29;;;;;2036;4;2037;29;;;2035.0;112.046875
1;38200;RAINFOREST_RESIN;9998;4;9996;2;9995;29;10004;2;10005;29;;;10001.0;376.0
1;38200;KELP;2034;31;;;;;2037;31;;;;;2035.5;111.25
1;38200;SQUID_INK;1848;31;;;;;1851;31;;;;;1849.5;-1505.2265625
1;38300;KELP;2034;27;;;;;2037;22;;;;;2035.5;112.8984375
1;38300;SQUID_INK;1849;27;;;;;1852;22;;;;;1850.5;-1580.4375
1;38300;RAINFOREST_RESIN;9995;22;;;;;10005;22;;;;;10000.0;376.0
1;38400;KELP;2034;27;;;;;2037;31;;;;;2035.5;114.4921875
1;38400;SQUID_INK;1849;29;;;;;1850;2;1853;31;;;1849.5;-1601.7890625
1;38400;RAINFOREST_RESIN;9996;2;9995;29;;;10004;2;10005;29;;;10000.0;376.0
1;38500;SQUID_INK;1850;24;;;;;1853;24;;;;;1851.5;-1622.734375
1;38500;RAINFOREST_RESIN;9996;2;9995;22;;;10004;2;10005;22;;;10000.0;376.0
1;38500;KELP;2034;24;;;;;2037;24;;;;;2035.5;116.859375
1;38600;RAINFOREST_RESIN;10002;1;9996;2;9995;29;10004;2;10005;29;;;10003.0;376.0
1;38600;KELP;2034;31;;;;;2037;31;;;;;2035.5;113.5625
1;38600;SQUID_INK;1850;31;;;;;1853;31;;;;;1851.5;-1625.671875
1;38700;KELP;2034;21;;;;;2037;22;;;;;2035.5;116.3125
1;38700;SQUID_INK;1850;21;;;;;1853;22;;;;;1851.5;-1632.609375
1;38700;RAINFOREST_RESIN;9996;2;9995;20;;;10004;2;10005;20;;;10000.0;378.0
1;38800;KELP;2034;27;;;;;2036;2;2037;27;;;2035.0;117.9296875
1;38800;SQUID_INK;1850;27;;;;;1852;2;1853;27;;;1851.0;-1636.578125
1;38800;RAINFOREST_RESIN;9996;2;9995;25;;;10004;2;10005;25;;;10000.0;378.0
1;38900;SQUID_INK;1851;25;;;;;1854;25;;;;;1852.5;-1673.0703125
1;38900;RAINFOREST_RESIN;9996;2;9995;23;;;10004;2;10005;23;;;10000.0;378.0
1;38900;KELP;2034;25;;;;;2037;25;;;;;2035.5;114.765625
1;39000;RAINFOREST_RESIN;9996;1;9995;23;;;10000;3;10004;1;10005;23;9998.0;378.0
1;39000;KELP;2034;24;;;;;2035;3;2036;6;2037;24;2034.5;122.1640625
1;39000;SQUID_INK;1852;1;1851;23;;;1853;9;1855;24;;;1852.5;-1699.359375
1;39100;KELP;2034;38;;;;;2037;30;;;;;2035.5;123.234375
1;39100;SQUID_INK;1850;38;;;;;1853;30;;;;;1851.5;-1620.5234375
1;39100;RAINFOREST_RESIN;9996;2;9995;28;;;9998;3;10004;2;10005;28;9997.0;378.0
1;39200;KELP;2034;26;;;;;2035;4;2037;21;;;2034.5;121.5234375
1;39200;SQUID_INK;1849;26;;;;;1850;4;1852;21;;;1849.5;-1564.640625
1;39200;RAINFOREST_RESIN;9995;21;;;;;10000;4;10005;21;;;9997.5;384.0
1;39300;SQUID_INK;1849;24;;;;;1853;24;;;;;1851.0;-1600.8203125
1;39300;RAINFOREST_RESIN;9995;24;;;;;10005;24;;;;;10000.0;384.0
1;39300;KELP;2034;24;;;;;2037;24;;;;;2035.5;125.515625
1;39400;RAINFOREST_RESIN;9995;21;;;;;10005;21;;;;;10000.0;384.0
1;39400;KELP;2034;21;;;;;2038;21;;;;;2036.0;129.734375
1;39400;SQUID_INK;1848;21;;;;;1851;21;;;;;1849.5;-1510.7265625
1;39500;KELP;2034;29;;;;;2036;3;2037;29;;;2035.0;125.109375
1;39500;SQUID_INK;1847;29;;;;;1849;3;1851;29;;;1848.0;-1500.75
1;39500;RAINFOREST_RESIN;9995;29;;;;;10005;29;;;;;10000.0;384.0
1;39600;SQUID_INK;1849;31;;;;;1852;31;;;;;1850.5;-1580.90625
1;39600;KELP;2034;31;;;;;2037;31;;;;;2035.5;126.078125
1;39600;RAINFOREST_RESIN;9996;1;9995;30;;;10004;1;10005;30;;;10000.0;384.0
1;39700;RAINFOREST_RESIN;9996;1;9995;29;;;10000;6;10004;1;10005;29;9998.0;384.0
1;39700;SQUID_INK;1849;29;;;;;1850;6;1852;30;;;1849.5;-1577.2578125
1;39700;KELP;2034;29;;;;;2035;6;2037;30;;;2034.5;126.078125
1;39800;RAINFOREST_RESIN;9996;2;9995;22;;;9998;1;10004;2;10005;22;9997.0;384.0
1;39800;KELP;2034;24;;;;;2037;24;;;;;2035.5;124.453125
1;39800;SQUID_INK;1849;24;;;;;1852;24;;;;;1850.5;-1561.4921875
1;39900;KELP;2034;29;;;;;2036;7;2037;29;;;2035.0;118.890625
1;39900;RAINFOREST_RESIN;9998;10;9996;1;9995;28;10004;1;10005;28;;;10001.0;386.0
1;39900;SQUID_INK;1849;29;;;;;1851;7;1853;29;;;1850.0;-1585.703125
1;40000;KELP;2034;26;;;;;2037;26;;;;;2035.5;114.3515625
1;40000;SQUID_INK;1849;26;;;;;1852;26;;;;;1850.5;-1557.265625
1;40000;RAINFOREST_RESIN;10002;11;9996;1;9995;25;10004;1;10005;25;;;10003.0;386.0
1;40100;RAINFOREST_RESIN;9995;30;;;;;10005;30;;;;;10000.0;408.0
1;40100;SQUID_INK;1851;30;;;;;1853;4;1854;30;;;1852.0;-1650.3359375
1;40100;KELP;2034;30;;;;;2036;4;2037;30;;;2035.0;123.9375
1;40200;RAINFOREST_RESIN;9996;1;9995;24;;;10002;7;10004;1;10005;24;9999.0;408.0
1;40200;KELP;2034;25;;;;;2037;25;;;;;2035.5;129.515625
1;40200;SQUID_INK;1851;25;;;;;1854;25;;;;;1852.5;-1678.8203125
1;40300;KELP;2034;30;;;;;2037;30;;;;;2035.5;124.40625
1;40300;RAINFOREST_RESIN;10002;4;9996;1;9995;29;10004;1;10005;29;;;10003.0;408.0
1;40300;SQUID_INK;1851;30;;;;;1854;30;;;;;1852.5;-1651.5
1;40400;KELP;2034;25;;;;;2037;25;;;;;2035.5;120.109375
1;40400;SQUID_INK;1852;25;;;;;1855;25;;;;;1853.5;-1691.171875
1;40400;RAINFOREST_RESIN;9996;2;9995;23;;;10004;2;10005;23;;;10000.0;416.0
1;40500;RAINFOREST_RESIN;9996;1;9995;21;;;10004;1;10005;21;;;10000.0;416.0
1;40500;SQUID_INK;1851;22;;;;;1854;22;;;;;1852.5;-1643.6796875
1;40500;KELP;2034;22;;;;;2037;22;;;;;2035.5;120.140625
1;40600;RAINFOREST_RESIN;10002;1;9995;28;;;10005;28;;;;;10003.5;416.0
1;40600;KELP;2034;28;;;;;2037;28;;;;;2035.5;119.59375
1;40600;SQUID_INK;1851;28;;;;;1854;28;;;;;1852.5;-1643.7578125
1;40700;KELP;2036;1;2034;36;;;2037;30;;;;;2036.5;119.140625
1;40700;RAINFOREST_RESIN;9998;10;9996;1;9995;29;10004;1;10005;29;;;10001.0;418.0
1;40700;SQUID_INK;1854;1;1853;6;1852;30;1856;30;;;;;1855.0;-1734.2890625
1;40800;SQUID_INK;1852;21;;;;;1855;21;;;;;1853.5;-1708.2109375
1;40800;KELP;2034;21;;;;;2037;21;;;;;2035.5;121.5546875
1;40800;RAINFOREST_RESIN;9995;21;;;;;10005;21;;;;;10000.0;418.0
1;40900;RAINFOREST_RESIN;9998;2;9995;25;;;10005;25;;;;;10001.5;418.0
1;40900;SQUID_INK;1852;3;1851;25;;;1855;25;;;;;1853.5;-1688.921875
1;40900;KELP;2034;28;;;;;2037;25;;;;;2035.5;116.109375
1;41000;RAINFOREST_RESIN;9998;10;9996;1;9995;20;10000;2;10004;1;10005;20;9999.0;418.0
1;41000;SQUID_INK;1852;21;;;;;1853;2;1854;7;1855;21;1852.5;-1707.2890625
1;41000;KELP;2034;1;2033;20;;;2035;2;2036;7;2037;21;2034.5;103.140625
1;41100;KELP;2034;25;;;;;2037;25;;;;;2035.5;110.9453125
1;41100;RAINFOREST_RESIN;9996;2;9995;23;;;10004;2;10005;23;;;10000.0;418.0
1;41100;SQUID_INK;1851;25;;;;;1854;25;;;;;1852.5;-1668.46875
1;41200;SQUID_INK;1852;20;;;;;1855;20;;;;;1853.5;-1700.9921875
1;41200;KELP;2034;20;;;;;2037;20;;;;;2035.5;110.90625
1;41200;RAINFOREST_RESIN;9995;20;;;;;10005;20;;;;;10000.0;418.0
1;41300;RAINFOREST_RESIN;9995;27;;;;;10005;27;;;;;10000.0;418.0
1;41300;SQUID_INK;1856;35;;;;;1859;27;;;;;1857.5;-1904.8359375
1;41300;KELP;2034;35;;;;;2037;27;;;;;2035.5;107.8046875
1;41400;RAINFOREST_RESIN;9996;1;9995;29;;;10004;1;10005;29;;;10000.0;418.0
1;41400;SQUID_INK;1855;30;;;;;1858;30;;;;;1856.5;-1846.8984375
1;41400;KELP;2034;30;;;;;2037;30;;;;;2035.5;105.796875
1;41500;KELP;2034;38;;;;;2037;31;;;;;2035.5;106.8125
1;41500;RAINFOREST_RESIN;9996;2;9995;29;;;10004;2;10005;29;;;10000.0;418.0
1;41500;SQUID_INK;1854;38;;;;;1857;31;;;;;1855.5;-1798.7421875
1;41600;SQUID_INK;1853;26;;;;;1856;26;;;;;1854.5;-1775.390625
1;41600;KELP;2034;26;;;;;2037;26;;;;;2035.5;108.859375
1;41600;RAINFOREST_RESIN;9995;26;;;;;10005;26;;;;;10000.0;418.0
1;41700;RAINFOREST_RESIN;9995;23;;;;;10005;23;;;;;10000.0;418.0
1;41700;SQUID_INK;1859;2;1857;23;;;1860;23;;;;;1859.5;-1976.6953125
1;41700;KELP;2036;2;2034;23;;;2038;23;;;;;2037.0;135.203125
1;41800;RAINFOREST_RESIN;9996;1;9995;21;;;10004;1;10005;21;;;10000.0;418.0
1;41800;SQUID_INK;1857;21;;;;;1860;22;;;;;1858.5;-1956.109375
1;41800;KELP;2034;21;;;;;2037;1;2038;21;;;2035.5;136.4453125
1;41900;KELP;2034;28;;;;;2038;28;;;;;2036.0;140.265625
1;41900;RAINFOREST_RESIN;9995;28;;;;;10002;8;10005;28;;;9998.5;418.0
1;41900;SQUID_INK;1855;28;;;;;1859;28;;;;;1857.0;-1886.390625
1;42000;SQUID_INK;1857;28;;;;;1860;28;;;;;1858.5;-1947.375
1;42000;KELP;2034;28;;;;;2037;1;2038;27;;;2035.5;134.96875
1;42000;RAINFOREST_RESIN;9996;1;9995;27;;;9998;1;10004;1;10005;27;9997.0;418.0
1;42100;RAINFOREST_RESIN;10002;2;9995;22;;;10005;22;;;;;10003.5;420.0
1;42100;SQUID_INK;1857;29;;;;;1860;22;;;;;1858.5;-1951.2265625
1;42100;KELP;2035;7;2034;22;;;2038;22;;;;;2036.5;137.8203125
1;42200;RAINFOREST_RESIN;9995;22;;;;;10005;22;;;;;10000.0;424.0
1;42200;SQUID_INK;1858;22;;;;;1861;22;;;;;1859.5;-2024.15625
1;42200;KELP;2034;22;;;;;2038;22;;;;;2036.0;138.28125
1;42300;KELP;2034;22;;;;;2038;22;;;;;2036.0;137.3125
1;42300;RAINFOREST_RESIN;9996;2;9995;20;;;10004;2;10005;20;;;10000.0;424.0
1;42300;SQUID_INK;1860;22;;;;;1863;22;;;;;1861.5;-2117.1484375
1;42400;SQUID_INK;1859;28;;;;;1862;2;1863;26;;;1860.5;-2079.203125
1;42400;KELP;2034;28;;;;;2037;2;2038;26;;;2035.5;136.2421875
1;42400;RAINFOREST_RESIN;9996;2;9995;26;;;10002;2;10004;2;10005;26;9999.0;424.0
1;42500;RAINFOREST_RESIN;9995;24;;;;;10005;24;;;;;10000.0;424.0
1;42500;SQUID_INK;1860;24;;;;;1861;2;1863;24;;;1860.5;-2095.9296875
1;42500;KELP;2034;24;;;;;2036;2;2038;24;;;2035.0;135.25
1;42600;RAINFOREST_RESIN;9995;28;;;;;10005;28;;;;;10000.0;424.0
1;42600;SQUID_INK;1860;1;1858;28;;;1861;28;;;;;1860.5;-2027.0078125
1;42600;KELP;2036;1;2034;28;;;2038;28;;;;;2037.0;135.234375
1;42700;KELP;2034;24;;;;;2037;1;2038;23;;;2035.5;135.421875
1;42700;RAINFOREST_RESIN;9996;1;9995;23;;;10004;1;10005;23;;;10000.0;424.0
1;42700;SQUID_INK;1860;24;;;;;1863;24;;;;;1861.5;-2116.7734375
1;42800;SQUID_INK;1858;29;;;;;1859;2;1861;29;;;1858.5;-2012.625
1;42800;KELP;2034;29;;;;;2035;2;2038;29;;;2034.5;134.0
1;42800;RAINFOREST_RESIN;9995;29;;;;;10000;2;10005;29;;;9997.5;424.0
1;42900;RAINFOREST_RESIN;10002;5;9995;20;;;10005;20;;;;;10003.5;424.0
1;42900;SQUID_INK;1860;20;;;;;1863;20;;;;;1861.5;-2121.3515625
1;42900;KELP;2034;20;;;;;2038;20;;;;;2036.0;142.0546875
1;43000;RAINFOREST_RESIN;9996;1;9995;26;;;10002;6;10004;1;10005;26;9999.0;434.0
1;43000;SQUID_INK;1864;27;;;;;1867;27;;;;;1865.5;-2298.6875
1;43000;KELP;2034;27;;;;;2037;1;2038;26;;;2035.5;134.578125
1;43100;KELP;2034;25;;;;;2037;1;2038;24;;;2035.5;138.5078125
1;43100;RAINFOREST_RESIN;9998;9;9996;1;9995;24;10004;1;10005;24;;;10001.0;434.0
1;43100;SQUID_INK;1865;1;1864;24;;;1868;25;;;;;1866.5;-2339.84375
1;43200;SQUID_INK;1863;31;;;;;1866;31;;;;;1864.5;-2258.90625
1;43200;KELP;2034;31;;;;;2037;2;2038;29;;;2035.5;138.0
1;43200;RAINFOREST_RESIN;9996;2;9995;29;;;10002;5;10004;2;10005;29;9999.0;434.0
1;43300;RAINFOREST_RESIN;9998;10;9995;20;;;10005;20;;;;;10001.5;434.0
1;43300;SQUID_INK;1864;1;1861;20;;;1865;20;;;;;1864.5;-2189.1953125
1;43300;KELP;2036;1;2034;20;;;2038;20;;;;;2037.0;135.03125
1;43400;RAINFOREST_RESIN;9996;2;9995;22;;;10004;2;10005;22;;;10000.0;434.0
1;43400;SQUID_INK;1860;24;;;;;1863;24;;;;;1861.5;-2124.578125
1;43400;KELP;2034;24;;;;;2038;24;;;;;2036.0;140.0625
1;43500;KELP;2035;6;2034;25;;;2038;25;;;;;2036.5;141.0859375
1;43500;RAINFOREST_RESIN;9996;1;9995;24;;;10002;7;10004;1;10005;24;9999.0;434.0
1;43500;SQUID_INK;1861;31;;;;;1864;25;;;;;1862.5;-2160.5546875
1;43600;SQUID_INK;1853;22;;;;;1855;1;1856;22;;;1854.0;-1753.84375
1;43600;RAINFOREST_RESIN;9995;22;;;;;10002;5;10005;22;;;9998.5;434.0
1;43600;KELP;2034;22;;;;;2036;1;2038;22;;;2035.0;134.8203125
1;43700;SQUID_INK;1853;30;;;;;1856;30;;;;;1854.5;-1775.0078125
1;43700;KELP;2034;30;;;;;2037;1;2038;29;;;2035.5;135.296875
1;43700;RAINFOREST_RESIN;9996;1;9995;29;;;10002;6;10004;1;10005;29;9999.0;434.0
1;43800;SQUID_INK;1853;1;1852;22;;;1856;23;;;;;1854.5;-1797.3984375
1;43800;RAINFOREST_RESIN;9996;1;9995;22;;;10004;1;10005;22;;;10000.0;434.0
1;43800;KELP;2034;23;;;;;2037;1;2038;22;;;2035.5;137.765625
1;43900;KELP;2034;32;;;;;2037;26;;;;;2035.5;132.9375
1;43900;RAINFOREST_RESIN;9996;2;9995;24;;;10002;2;10004;2;10005;24;9999.0;434.0
1;43900;SQUID_INK;1852;32;;;;;1855;26;;;;;1853.5;-1843.443359375
1;44000;SQUID_INK;1852;27;;;;;1855;27;;;;;1853.5;-1889.0078125
1;44000;RAINFOREST_RESIN;10002;4;9998;10;9996;2;10004;2;10005;25;;;10003.0;434.0
1;44000;KELP;2034;27;;;;;2037;27;;;;;2035.5;109.34375
1;44100;KELP;2034;24;;;;;2036;4;2037;24;;;2035.0;117.125
1;44100;SQUID_INK;1849;24;;;;;1851;4;1852;24;;;1850.0;-2069.265625
1;44100;RAINFOREST_RESIN;9996;2;9995;22;;;10004;2;10005;22;;;10000.0;442.0
1;44200;SQUID_INK;1847;24;;;;;1850;24;;;;;1848.5;-2163.9609375
1;44200;RAINFOREST_RESIN;9995;24;;;;;10005;24;;;;;10000.0;442.0
1;44200;KELP;2034;24;;;;;2037;24;;;;;2035.5;131.671875
1;44300;KELP;2034;26;;;;;2037;26;;;;;2035.5;124.2890625
1;44300;SQUID_INK;1850;26;;;;;1853;26;;;;;1851.5;-2020.5
1;44300;RAINFOREST_RESIN;9996;2;9995;24;;;9998;2;10004;2;10005;24;9997.0;442.0
1;44400;RAINFOREST_RESIN;9996;1;9995;25;;;10002;7;10004;1;10005;25;9999.0;446.0
1;44400;KELP;2034;27;;;;;2037;26;;;;;2035.5;119.421875
1;44400;SQUID_INK;1850;1;1849;26;;;1853;26;;;;;1851.5;-2037.515625
1;44500;KELP;2034;30;;;;;2037;30;;;;;2035.5;120.8515625
1;44500;SQUID_INK;1849;30;;;;;1852;30;;;;;1850.5;-2054.28125
1;44500;RAINFOREST_RESIN;9995;30;;;;;10005;30;;;;;10000.0;446.0
1;44600;SQUID_INK;1850;22;;;;;1853;22;;;;;1851.5;-2003.890625
1;44600;RAINFOREST_RESIN;9996;1;9995;21;;;10004;1;10005;21;;;10000.0;446.0
1;44600;KELP;2034;22;;;;;2037;22;;;;;2035.5;117.40625
1;44700;KELP;2034;27;;;;;2036;6;2037;27;;;2035.0;115.921875
1;44700;SQUID_INK;1849;27;;;;;1851;6;1852;2;1853;25;1850.0;-2043.484375
1;44700;RAINFOREST_RESIN;9996;2;9995;25;;;10004;2;10005;25;;;10000.0;446.0
1;44800;RAINFOREST_RESIN;9995;25;;;;;10005;25;;;;;10000.0;446.0
1;44800;KELP;2034;25;;;;;2036;3;2037;25;;;2035.0;116.890625
1;44800;SQUID_INK;1849;25;;;;;1851;3;1852;25;;;1850.0;-2044.546875
1;44900;KELP;2034;23;;;;;2037;23;;;;;2035.5;115.78125
1;44900;SQUID_INK;1849;23;;;;;1852;23;;;;;1850.5;-2073.71875
1;44900;RAINFOREST_RESIN;9996;2;9995;21;;;10004;2;10005;21;;;10000.0;446.0
1;45000;SQUID_INK;1847;27;;;;;1850;28;;;;;1848.5;-2151.3046875
1;45000;RAINFOREST_RESIN;9996;1;9995;27;;;10004;1;10005;27;;;10000.0;446.0
1;45000;KELP;2034;27;;;;;2037;28;;;;;2035.5;118.734375
1;45100;KELP;2034;27;;;;;2037;27;;;;;2035.5;116.6953125
1;45100;SQUID_INK;1848;27;;;;;1851;27;;;;;1849.5;-2100.625
1;45100;RAINFOREST_RESIN;9995;27;;;;;9998;1;10005;27;;;9996.5;446.0
1;45200;RAINFOREST_RESIN;10002;1;9996;1;9995;20;10004;1;10005;20;;;10003.0;448.0
1;45200;KELP;2034;20;;;;;2037;21;;;;;2035.5;114.296875
1;45200;SQUID_INK;1848;20;;;;;1851;21;;;;;1849.5;-2115.40625
1;45300;SQUID_INK;1848;22;;;;;1851;23;;;;;1849.5;-2114.3359375
1;45300;KELP;2034;22;;;;;2037;23;;;;;2035.5;114.75
1;45300;RAINFOREST_RESIN;9995;23;;;;;10005;23;;;;;10000.0;450.0
1;45400;SQUID_INK;1846;25;;;;;1849;25;;;;;1847.5;-2214.109375
1;45400;RAINFOREST_RESIN;9998;4;9995;25;;;10005;25;;;;;10001.5;450.0
1;45400;KELP;2033;25;;;;;2037;25;;;;;2035.0;104.015625
1;45500;SQUID_INK;1846;21;;;;;1847;3;1849;21;;;1846.5;-2204.828125
1;45500;KELP;2033;20;;;;;2034;2;2037;21;;;2033.5;103.515625
1;45500;RAINFOREST_RESIN;9996;1;9995;20;;;9998;3;10004;1;10005;20;9997.0;450.0
1;45600;RAINFOREST_RESIN;9996;1;9995;23;;;10004;1;10005;23;;;10000.0;456.0
1;45600;KELP;2034;1;2033;23;;;2035;6;2037;24;;;2034.5;106.8203125
1;45600;SQUID_INK;1847;24;;;;;1849;6;1850;24;;;1848.0;-2145.8671875
1;45700;SQUID_INK;1847;23;;;;;1850;23;;;;;1848.5;-2154.6171875
1;45700;KELP;2034;2;2033;21;;;2037;23;;;;;2035.5;109.828125
1;45700;RAINFOREST_RESIN;10002;1;9996;2;9995;21;10004;2;10005;21;;;10003.0;456.0
1;45800;SQUID_INK;1848;5;1847;2;1846;30;1850;32;;;;;1849.0;-2182.578125
1;45800;RAINFOREST_RESIN;10000;5;9998;7;9996;2;10004;2;10005;30;;;10002.0;458.0
1;45800;KELP;2035;5;2033;32;;;2037;32;;;;;2036.0;103.765625
1;45900;SQUID_INK;1847;25;;;;;1851;26;;;;;1849.0;-2135.109375
1;45900;KELP;2033;25;;;;;2037;26;;;;;2035.0;99.2109375
1;45900;RAINFOREST_RESIN;9998;8;9996;1;9995;25;10004;1;10005;25;;;10001.0;458.0
1;46000;RAINFOREST_RESIN;9995;23;;;;;9998;1;10005;23;;;9996.5;458.0
1;46000;KELP;2033;23;;;;;2037;23;;;;;2035.0;100.015625
1;46000;SQUID_INK;1848;23;;;;;1851;23;;;;;1849.5;-2098.8671875
1;46100;SQUID_INK;1849;29;;;;;1852;25;;;;;1850.5;-2076.328125
1;46100;KELP;2034;4;2033;25;;;2037;25;;;;;2035.5;96.4765625
1;46100;RAINFOREST_RESIN;9995;25;;;;;10005;25;;;;;10000.0;460.0
1;46200;SQUID_INK;1849;28;;;;;1852;24;;;;;1850.5;-2077.9765625
1;46200;RAINFOREST_RESIN;9995;24;;;;;10005;24;;;;;10000.0;460.0
1;46200;KELP;2034;4;2033;24;;;2037;24;;;;;2035.5;93.3046875
1;46300;SQUID_INK;1848;28;;;;;1851;28;;;;;1849.5;-2120.7578125
1;46300;RAINFOREST_RESIN;9996;2;9995;26;;;10004;2;10005;26;;;10000.0;460.0
1;46300;KELP;2033;28;;;;;2037;28;;;;;2035.0;93.2265625
1;46400;RAINFOREST_RESIN;9995;24;;;;;10005;24;;;;;10000.0;460.0
1;46400;KELP;2035;1;2033;24;;;2037;24;;;;;2036.0;89.6953125
1;46400;SQUID_INK;1849;1;1847;24;;;1851;24;;;;;1850.0;-2139.984375
1;46500;KELP;2035;2;2033;30;;;2036;1;2037;29;;;2035.5;88.6953125
1;46500;SQUID_INK;1847;2;1845;30;;;1848;30;;;;;1847.5;-2254.75
1;46500;RAINFOREST_RESIN;9996;1;9995;29;;;9998;1;10004;1;10005;29;9997.0;460.0
1;46600;KELP;2035;1;2034;4;2033;28;2037;28;;;;;2036.0;90.1640625
1;46600;SQUID_INK;1848;1;1847;4;1846;28;1850;28;;;;;1849.0;-2187.75
1;46600;RAINFOREST_RESIN;9998;1;9995;28;;;10005;28;;;;;10001.5;462.0
1;46700;SQUID_INK;1844;30;;;;;1847;30;;;;;1845.5;-2330.59375
1;46700;RAINFOREST_RESIN;9996;1;9995;29;;;10004;1;10005;29;;;10000.0;462.0
1;46700;KELP;2033;30;;;;;2036;30;;;;;2034.5;87.6328125
1;46800;RAINFOREST_RESIN;9995;25;;;;;10005;25;;;;;10000.0;462.0
1;46800;KELP;2033;25;;;;;2036;25;;;;;2034.5;85.625
1;46800;SQUID_INK;1847;25;;;;;1850;25;;;;;1848.5;-2160.0859375
1;46900;KELP;2033;20;;;;;2036;30;;;;;2034.5;84.0859375
1;46900;SQUID_INK;1846;30;;;;;1847;10;1850;30;;;1846.5;-2188.75
1;46900;RAINFOREST_RESIN;9996;1;9995;29;;;10002;3;10004;1;10005;29;9999.0;462.0
1;47000;KELP;2033;23;;;;;2036;1;2037;22;;;2034.5;89.140625
1;47000;SQUID_INK;1843;23;;;;;1846;1;1847;22;;;1844.5;-2339.3125
1;47000;RAINFOREST_RESIN;9996;1;9995;22;;;10004;1;10005;22;;;10000.0;462.0
1;47100;SQUID_INK;1843;22;;;;;1846;22;;;;;1844.5;-2372.2265625
1;47100;RAINFOREST_RESIN;9995;22;;;;;9998;1;10005;22;;;9996.5;462.0
1;47100;KELP;2033;22;;;;;2036;22;;;;;2034.5;80.4140625
1;47200;RAINFOREST_RESIN;9996;2;9995;21;;;10004;2;10005;21;;;10000.0;464.0
1;47200;KELP;2035;1;2033;23;;;2036;23;;;;;2035.5;82.484375
1;47200;SQUID_INK;1848;1;1846;23;;;1849;23;;;;;1848.5;-2197.6640625
1;47300;KELP;2033;26;;;;;2036;21;;;;;2034.5;84.0234375
1;47300;SQUID_INK;1846;5;1845;21;;;1849;21;;;;;1847.5;-2239.140625
1;47300;RAINFOREST_RESIN;9995;21;;;;;10005;21;;;;;10000.0;464.0
1;47400;KELP;2035;5;2033;22;;;2037;22;;;;;2036.0;88.0625
1;47400;SQUID_INK;1847;5;1845;22;;;1849;22;;;;;1848.0;-2239.140625
1;47400;RAINFOREST_RESIN;9998;7;9995;22;;;10005;22;;;;;10001.5;464.0
1;47500;SQUID_INK;1846;22;;;;;1848;5;1849;22;;;1847.0;-2211.7265625
1;47500;RAINFOREST_RESIN;9996;1;9995;21;;;9998;1;10004;1;10005;21;9997.0;464.0
1;47500;KELP;2033;22;;;;;2035;5;2036;22;;;2034.0;86.046875
1;47600;RAINFOREST_RESIN;9998;5;9995;21;;;10005;21;;;;;10001.5;466.0
1;47600;KELP;2033;21;;;;;2036;21;;;;;2034.5;87.6328125
1;47600;SQUID_INK;1846;21;;;;;1849;21;;;;;1847.5;-2230.8984375
1;47700;KELP;2033;23;;;;;2035;4;2036;23;;;2034.0;85.1015625
1;47700;SQUID_INK;1845;23;;;;;1847;4;1849;23;;;1846.0;-2239.40625
1;47700;RAINFOREST_RESIN;9998;1;9995;23;;;10005;23;;;;;10001.5;466.0
1;47800;KELP;2033;20;;;;;2035;7;2036;20;;;2034.0;84.5625
1;47800;SQUID_INK;1845;20;;;;;1847;7;1848;20;;;1846.0;-2261.953125
1;47800;RAINFOREST_RESIN;9995;20;;;;;10005;20;;;;;10000.0;466.0
1;47900;SQUID_INK;1845;23;;;;;1848;23;;;;;1846.5;-2244.78125
1;47900;RAINFOREST_RESIN;9995;23;;;;;10005;23;;;;;10000.0;466.0
1;47900;KELP;2033;23;;;;;2036;23;;;;;2034.5;84.5625
1;48000;RAINFOREST_RESIN;10002;2;9996;1;9995;26;10004;1;10005;26;;;10003.0;466.0
1;48000;KELP;2033;27;;;;;2036;27;;;;;2034.5;82.03125
1;48000;SQUID_INK;1845;1;1844;26;;;1848;27;;;;;1846.5;-2285.03125
1;48100;KELP;2033;30;;;;;2035;1;2037;30;;;2034.0;94.2109375
1;48100;SQUID_INK;1844;30;;;;;1845;1;1847;30;;;1844.5;-2326.21875
1;48100;RAINFOREST_RESIN;9996;1;9995;29;;;10004;1;10005;29;;;10000.0;470.0
1;48200;KELP;2033;28;;;;;2036;27;;;;;2034.5;77.5
1;48200;SQUID_INK;1842;28;;;;;1845;27;;;;;1843.5;-2407.4296875
1;48200;RAINFOREST_RESIN;9996;1;9995;26;;;10004;1;10005;26;;;10000.0;470.0
1;48300;SQUID_INK;1839;17;;;;;1842;21;;;;;1840.5;-2578.4296875
1;48300;RAINFOREST_RESIN;9998;4;9996;1;9995;20;10004;1;10005;20;;;10001.0;470.0
1;48300;KELP;2033;21;;;;;2034;4;2036;21;;;2033.5;80.0234375
1;48400;RAINFOREST_RESIN;9996;2;9995;30;;;10004;2;10005;30;;;10000.0;470.0
1;48400;KELP;2033;32;;;;;2035;6;2036;32;;;2034.0;79.5078125
1;48400;SQUID_INK;1838;32;;;;;1840;6;1841;32;;;1839.0;-2599.2109375
1;48500;KELP;2033;29;;;;;2036;29;;;;;2034.5;76.4765625
1;48500;RAINFOREST_RESIN;9995;29;;;;;10005;29;;;;;10000.0;470.0
1;48500;SQUID_INK;1838;29;;;;;1841;29;;;;;1839.5;-2620.453125
1;48600;KELP;2033;27;;;;;2036;27;;;;;2034.5;83.078125
1;48600;SQUID_INK;1839;1;1838;26;;;1842;27;;;;;1840.5;-2586.8203125
1;48600;RAINFOREST_RESIN;9996;1;9995;26;;;10004;1;10005;26;;;10000.0;470.0
1;48700;RAINFOREST_RESIN;9996;1;9995;22;;;10000;2;10004;1;10005;22;9998.0;470.0
1;48700;SQUID_INK;1840;23;;;;;1841;2;1843;23;;;1840.5;-2518.203125
1;48700;KELP;2033;23;;;;;2034;2;2036;23;;;2033.5;78.0234375
1;48800;RAINFOREST_RESIN;9996;1;9995;28;;;10004;1;10005;28;;;10000.0;470.0
1;48800;KELP;2033;29;;;;;2036;29;;;;;2034.5;83.609375
1;48800;SQUID_INK;1839;29;;;;;1842;29;;;;;1840.5;-2567.390625
1;48900;KELP;2033;21;;;;;2036;22;;;;;2034.5;83.0859375
1;48900;RAINFOREST_RESIN;9995;22;;;;;10005;22;;;;;10000.0;470.0
1;48900;SQUID_INK;1839;22;;;;;1840;1;1843;22;;;1839.5;-2538.6796875
1;49000;KELP;2033;29;;;;;2036;1;2037;28;;;2034.5;88.6171875
1;49000;SQUID_INK;1838;29;;;;;1841;29;;;;;1839.5;-2625.9609375
1;49000;RAINFOREST_RESIN;9996;1;9995;28;;;10004;1;10005;28;;;10000.0;470.0
1;49100;RAINFOREST_RESIN;9995;30;;;;;10005;30;;;;;10000.0;470.0
1;49100;SQUID_INK;1834;30;;;;;1837;30;;;;;1835.5;-2825.8203125
1;49100;KELP;2033;30;;;;;2037;30;;;;;2035.0;97.296875
1;49200;RAINFOREST_RESIN;10002;3;9996;1;9995;25;10004;1;10005;25;;;10003.0;470.0
1;49200;KELP;2034;1;2033;25;;;2037;26;;;;;2035.5;105.515625
1;49200;SQUID_INK;1833;26;;;;;1836;26;;;;;1834.5;-2851.6640625
1;49300;KELP;2034;6;2033;29;;;2037;29;;;;;2035.5;108.0234375
1;49300;RAINFOREST_RESIN;9998;3;9995;29;;;10005;29;;;;;10001.5;476.0
1;49300;SQUID_INK;1834;35;;;;;1837;29;;;;;1835.5;-2828.875
1;49400;KELP;2034;23;;;;;2037;23;;;;;2035.5;110.5625
1;49400;SQUID_INK;1833;1;1832;22;;;1836;23;;;;;1834.5;-2887.515625
1;49400;RAINFOREST_RESIN;9996;1;9995;22;;;10004;1;10005;22;;;10000.0;476.0
1;49500;RAINFOREST_RESIN;9996;1;9995;24;;;10004;1;10005;24;;;10000.0;476.0
1;49500;SQUID_INK;1833;25;;;;;1836;25;;;;;1834.5;-2843.4453125
1;49500;KELP;2034;25;;;;;2037;25;;;;;2035.5;118.6015625
1;49600;RAINFOREST_RESIN;9996;2;9995;28;;;10000;3;10002;9;10004;2;9998.0;476.0
1;49600;SQUID_INK;1831;30;;;;;1832;3;1834;30;;;1831.5;-2976.9765625
1;49600;KELP;2034;2;2033;28;;;2035;3;2037;30;;;2034.5;108.4453125
1;49700;KELP;2036;1;2034;27;;;2037;21;;;;;2036.5;112.9921875
1;49700;RAINFOREST_RESIN;9995;21;;;;;10005;21;;;;;10000.0;476.0
1;49700;SQUID_INK;1832;1;1830;27;;;1833;21;;;;;1832.5;-3012.2890625
1;49800;SQUID_INK;1832;19;;;;;1835;20;;;;;1833.5;-2907.09375
1;49800;KELP;2034;19;;;;;2037;20;;;;;2035.5;114.7265625
1;49800;RAINFOREST_RESIN;9995;20;;;;;10002;7;10005;20;;;9998.5;476.0
1;49900;RAINFOREST_RESIN;9996;1;9995;23;;;10004;1;10005;23;;;10000.0;476.0
1;49900;SQUID_INK;1833;5;1832;24;;;1835;24;;;;;1834.0;-2898.359375
1;49900;KELP;2034;29;;;;;2037;24;;;;;2035.5;116.671875
1;50000;RAINFOREST_RESIN;9996;2;9995;24;;;10002;5;10004;2;10005;24;9999.0;476.0
1;50000;SQUID_INK;1830;26;;;;;1834;26;;;;;1832.0;-2987.7890625
1;50000;KELP;2034;26;;;;;2037;26;;;;;2035.5;116.1953125
1;50100;KELP;2034;24;;;;;2037;24;;;;;2035.5;113.75
1;50100;RAINFOREST_RESIN;10002;4;9996;2;9995;22;10004;2;10005;22;;;10003.0;476.0
1;50100;SQUID_INK;1832;24;;;;;1835;24;;;;;1833.5;-2931.28125
1;50200;SQUID_INK;1832;29;;;;;1835;29;;;;;1833.5;-2928.171875
1;50200;KELP;2034;29;;;;;2037;29;;;;;2035.5;114.7421875
1;50200;RAINFOREST_RESIN;9996;1;9995;28;;;10004;1;10005;28;;;10000.0;484.0
1;50300;RAINFOREST_RESIN;9995;23;;;;;10005;23;;;;;10000.0;484.0
1;50300;SQUID_INK;1832;23;;;;;1833;4;1835;23;;;1832.5;-2932.2890625
1;50300;KELP;2034;23;;;;;2036;4;2037;23;;;2035.0;116.671875
1;50400;RAINFOREST_RESIN;9996;2;9995;21;;;10004;2;10005;21;;;10000.0;484.0
1;50400;SQUID_INK;1831;22;;;;;1834;23;;;;;1832.5;-2961.0234375
1;50400;KELP;2034;22;;;;;2037;23;;;;;2035.5;115.1484375
1;50500;KELP;2035;4;2034;28;;;2037;28;;;;;2036.0;117.6484375
1;50500;RAINFOREST_RESIN;10000;4;9998;7;9996;1;10004;1;10005;27;;;10002.0;484.0
1;50500;SQUID_INK;1832;4;1831;28;;;1834;28;;;;;1833.0;-2965.4765625
1;50600;SQUID_INK;1831;24;;;;;1832;4;1834;24;;;1831.5;-2975.21875
1;50600;KELP;2034;24;;;;;2035;4;2037;24;;;2034.5;118.15625
1;50600;RAINFOREST_RESIN;9998;7;9996;2;9995;22;10000;5;10004;2;10005;22;9999.0;484.0
1;50700;RAINFOREST_RESIN;9998;9;9995;20;;;10005;20;;;;;10001.5;484.0
1;50700;SQUID_INK;1829;20;;;;;1833;20;;;;;1831.0;-3039.2578125
1;50700;KELP;2034;20;;;;;2037;20;;;;;2035.5;122.5859375
1;50800;RAINFOREST_RESIN;9998;7;9996;2;9995;26;10004;2;10005;26;;;10001.0;484.0
1;50800;SQUID_INK;1830;28;;;;;1833;28;;;;;1831.5;-3013.3515625
1;50800;KELP;2034;28;;;;;2037;28;;;;;2035.5;115.546875
1;50900;KELP;2034;29;;;;;2035;5;2037;30;;;2034.5;114.5078125
1;50900;RAINFOREST_RESIN;9998;2;9995;30;;;10000;5;10005;30;;;9999.0;484.0
1;50900;SQUID_INK;1831;29;;;;;1832;5;1834;30;;;1831.5;-2981.96875
1;51000;SQUID_INK;1831;2;1830;23;;;1834;25;;;;;1832.5;-2984.1953125
1;51000;KELP;2034;25;;;;;2037;25;;;;;2035.5;114.6640625
1;51000;RAINFOREST_RESIN;9996;2;9995;23;;;10004;2;10005;23;;;10000.0;484.0
1;51100;RAINFOREST_RESIN;9995;29;;;;;10002;1;10005;29;;;9998.5;484.0
1;51100;SQUID_INK;1831;32;;;;;1834;29;;;;;1832.5;-2971.46875
1;51100;KELP;2034;32;;;;;2037;29;;;;;2035.5;115.6796875
