timestamp,buyer,seller,symbol,currency,price,quantity
0,,,CROISSANTS,SEASHELLS,4274,8
100,,SUBMISSION,PICNIC_BASKET2,SEASHELLS,30257,3
100,SUBMISSION,,RAINFOREST_RESIN,SEASHELLS,9998,1
200,,SUBMISSION,KELP,SEASHELLS,2034,1
200,SUBMISSION,,RAINFOREST_RESIN,SEASHELLS,9998,1
200,SUBMISSION,,SQUID_INK,SEASHELLS,1835,30
200,SUBMISSION,,SQUID_INK,SEASHELLS,1835,2
200,,,CROISSANTS,SEASHELLS,4276,8
200,,,JAMS,SEASHELLS,6543,7
200,,,SQUID_INK,SEASHELLS,1834,1
300,,,KELP,SEASHELLS,2032,1
300,,,SQUID_INK,SEASHELLS,1834,1
400,SUBMISSION,,CROISSANTS,SEASHELLS,4275,55
400,,SUBMISSION,DJEMBES,SEASHELLS,13410,30
400,SUBMISSION,,PICNIC_BASKET1,SEASHELLS,58709,16
500,SUBMISSION,,CROISSANTS,SEASHELLS,4275,39
500,,SUBMISSION,DJEMBES,SEASHELLS,13410,20
500,SUBMISSION,,PICNIC_BASKET1,SEASHELLS,58708,20
500,SUBMISSION,,PICNIC_BASKET1,SEASHELLS,58708,14
500,,,KELP,SEASHELLS,2035,2
500,,,RAINFOREST_RESIN,SEASHELLS,10005,2
500,,,SQUID_INK,SEASHELLS,1837,2
600,SUBMISSION,,PICNIC_BASKET1,SEASHELLS,58705,10
600,SUBMISSION,,SQUID_INK,SEASHELLS,1834,2
600,,,CROISSANTS,SEASHELLS,4276,5
700,,SUBMISSION,DJEMBES,SEASHELLS,13411,10
700,,SUBMISSION,JAMS,SEASHELLS,6542,74
700,SUBMISSION,,PICNIC_BASKET2,SEASHELLS,30256,12
700,SUBMISSION,,RAINFOREST_RESIN,SEASHELLS,9998,9
700,,,JAMS,SEASHELLS,6542,3
800,,SUBMISSION,JAMS,SEASHELLS,6542,69
800,SUBMISSION,,PICNIC_BASKET2,SEASHELLS,30256,1
800,,SUBMISSION,SQUID_INK,SEASHELLS,1836,27
800,,SUBMISSION,SQUID_INK,SEASHELLS,1836,1
900,,SUBMISSION,PICNIC_BASKET1,SEASHELLS,58697,3
900,SUBMISSION,,PICNIC_BASKET2,SEASHELLS,30255,24
900,SUBMISSION,,PICNIC_BASKET2,SEASHELLS,30255,14
900,,SUBMISSION,SQUID_INK,SEASHELLS,1840,21
900,,,KELP,SEASHELLS,2031,8
1000,,SUBMISSION,JAMS,SEASHELLS,6543,65
1000,,SUBMISSION,JAMS,SEASHELLS,6543,142
1000,,SUBMISSION,PICNIC_BASKET2,SEASHELLS,30256,2
1000,,SUBMISSION,RAINFOREST_RESIN,SEASHELLS,10002,2
1000,,SUBMISSION,SQUID_INK,SEASHELLS,1841,28
1000,,SUBMISSION,SQUID_INK,SEASHELLS,1841,2
1000,,,JAMS,SEASHELLS,6545,4
1000,,,RAINFOREST_RESIN,SEASHELLS,10002,1
1100,,SUBMISSION,SQUID_INK,SEASHELLS,1840,5
1200,SUBMISSION,,PICNIC_BASKET1,SEASHELLS,58690,1
1200,,,JAMS,SEASHELLS,6542,9
1200,,,KELP,SEASHELLS,2032,1
1200,,,SQUID_INK,SEASHELLS,1839,1
1300,SUBMISSION,,PICNIC_BASKET2,SEASHELLS,30251,10
1300,SUBMISSION,,RAINFOREST_RESIN,SEASHELLS,9998,1
1300,,,PICNIC_BASKET1,SEASHELLS,58693,6
1300,,,PICNIC_BASKET2,SEASHELLS,30250,6
1400,SUBMISSION,,PICNIC_BASKET2,SEASHELLS,30250,16
1400,SUBMISSION,,PICNIC_BASKET2,SEASHELLS,30250,2
1500,SUBMISSION,,PICNIC_BASKET2,SEASHELLS,30250,16
1500,SUBMISSION,,PICNIC_BASKET2,SEASHELLS,30250,2
1500,,,KELP,SEASHELLS,2032,1
1500,,,SQUID_INK,SEASHELLS,1842,1
1600,,,CROISSANTS,SEASHELLS,4273,8
1600,,,RAINFOREST_RESIN,SEASHELLS,9996,1
1700,,,DJEMBES,SEASHELLS,13413,3
1900,,,RAINFOREST_RESIN,SEASHELLS,9998,8
1900,,,RAINFOREST_RESIN,SEASHELLS,9998,4
2000,,,DJEMBES,SEASHELLS,13413,2
2200,SUBMISSION,,PICNIC_BASKET1,SEASHELLS,58689,2
2300,SUBMISSION,,CROISSANTS,SEASHELLS,4274,38
2300,SUBMISSION,,PICNIC_BASKET2,SEASHELLS,30243,8
2300,,,DJEMBES,SEASHELLS,13414,2
2400,,SUBMISSION,KELP,SEASHELLS,2034,1
2400,,SUBMISSION,RAINFOREST_RESIN,SEASHELLS,10002,1
2500,,,JAMS,SEASHELLS,6543,6
2600,,SUBMISSION,CROISSANTS,SEASHELLS,4274,41
2600,,SUBMISSION,CROISSANTS,SEASHELLS,4274,95
2700,,SUBMISSION,KELP,SEASHELLS,2034,1
2800,,SUBMISSION,PICNIC_BASKET2,SEASHELLS,30241,12
2800,,,JAMS,SEASHELLS,6542,9
2900,,SUBMISSION,PICNIC_BASKET2,SEASHELLS,30243,16
2900,,SUBMISSION,PICNIC_BASKET2,SEASHELLS,30243,1
2900,,,JAMS,SEASHELLS,6542,10
3000,,SUBMISSION,PICNIC_BASKET1,SEASHELLS,58679,11
3000,,SUBMISSION,PICNIC_BASKET1,SEASHELLS,58679,1
3000,,SUBMISSION,PICNIC_BASKET2,SEASHELLS,30247,11
3000,,SUBMISSION,PICNIC_BASKET2,SEASHELLS,30247,1
3100,,SUBMISSION,PICNIC_BASKET2,SEASHELLS,30247,15
3100,,SUBMISSION,PICNIC_BASKET2,SEASHELLS,30247,18
3200,,SUBMISSION,PICNIC_BASKET2,SEASHELLS,30250,1
3200,,,KELP,SEASHELLS,2034,2
3200,,,RAINFOREST_RESIN,SEASHELLS,10004,1
3200,,,RAINFOREST_RESIN,SEASHELLS,10004,1
3200,,,SQUID_INK,SEASHELLS,1850,2
3300,SUBMISSION,,DJEMBES,SEASHELLS,13416,28
3300,SUBMISSION,,DJEMBES,SEASHELLS,13416,35
3400,,,RAINFOREST_RESIN,SEASHELLS,9998,1
3500,SUBMISSION,,DJEMBES,SEASHELLS,13415,28
3500,SUBMISSION,,DJEMBES,SEASHELLS,13415,29
3500,,,SQUID_INK,SEASHELLS,1851,1
3600,,,RAINFOREST_RESIN,SEASHELLS,10002,5
3600,,,RAINFOREST_RESIN,SEASHELLS,10002,3
3700,SUBMISSION,,KELP,SEASHELLS,2033,5
3700,,,SQUID_INK,SEASHELLS,1851,5
3700,,,SQUID_INK,SEASHELLS,1852,2
3900,SUBMISSION,,PICNIC_BASKET2,SEASHELLS,30246,2
3900,,SUBMISSION,RAINFOREST_RESIN,SEASHELLS,10002,4
4100,SUBMISSION,,CROISSANTS,SEASHELLS,4274,45
4100,SUBMISSION,,CROISSANTS,SEASHELLS,4274,91
4200,,SUBMISSION,DJEMBES,SEASHELLS,13415,16
4200,,SUBMISSION,DJEMBES,SEASHELLS,13415,32
4200,,SUBMISSION,DJEMBES,SEASHELLS,13415,5
4200,SUBMISSION,,RAINFOREST_RESIN,SEASHELLS,9998,5
4300,SUBMISSION,,KELP,SEASHELLS,2033,5
4500,,SUBMISSION,DJEMBES,SEASHELLS,13416,18
4600,,SUBMISSION,KELP,SEASHELLS,2034,1
4600,,,JAMS,SEASHELLS,6542,10
4600,,,SQUID_INK,SEASHELLS,1859,1
4700,SUBMISSION,,CROISSANTS,SEASHELLS,4272,58
4700,SUBMISSION,,PICNIC_BASKET2,SEASHELLS,30246,19
4700,,,KELP,SEASHELLS,2035,4
4700,,,SQUID_INK,SEASHELLS,1858,4
4800,SUBMISSION,,CROISSANTS,SEASHELLS,4272,40
4800,SUBMISSION,,PICNIC_BASKET1,SEASHELLS,58674,1
4800,SUBMISSION,,PICNIC_BASKET2,SEASHELLS,30245,1
4900,SUBMISSION,,CROISSANTS,SEASHELLS,4272,20
4900,SUBMISSION,,DJEMBES,SEASHELLS,13415,7
4900,SUBMISSION,,PICNIC_BASKET2,SEASHELLS,30244,2
4900,,,KELP,SEASHELLS,2035,2
4900,,,RAINFOREST_RESIN,SEASHELLS,10004,2
4900,,,SQUID_INK,SEASHELLS,1860,2
5000,SUBMISSION,,PICNIC_BASKET1,SEASHELLS,58670,11
5000,SUBMISSION,,PICNIC_BASKET2,SEASHELLS,30243,2
5000,,,CROISSANTS,SEASHELLS,4271,4
5100,,SUBMISSION,DJEMBES,SEASHELLS,13416,27
5100,SUBMISSION,,PICNIC_BASKET2,SEASHELLS,30240,1
5200,SUBMISSION,,PICNIC_BASKET2,SEASHELLS,30239,13
5200,SUBMISSION,,PICNIC_BASKET2,SEASHELLS,30239,1
5300,SUBMISSION,,DJEMBES,SEASHELLS,13414,26
5300,SUBMISSION,,DJEMBES,SEASHELLS,13414,40
5300,SUBMISSION,,JAMS,SEASHELLS,6542,97
5300,,SUBMISSION,KELP,SEASHELLS,2034,1
5400,SUBMISSION,,DJEMBES,SEASHELLS,13413,25
5400,SUBMISSION,,JAMS,SEASHELLS,6542,89
5400,SUBMISSION,,JAMS,SEASHELLS,6542,135
5400,SUBMISSION,,KELP,SEASHELLS,2033,5
5400,SUBMISSION,,SQUID_INK,SEASHELLS,1858,7
5400,,,SQUID_INK,SEASHELLS,1857,5
5500,,,JAMS,SEASHELLS,6540,4
5600,SUBMISSION,,PICNIC_BASKET2,SEASHELLS,30235,3
5700,,,KELP,SEASHELLS,2035,14
5700,,,PICNIC_BASKET1,SEASHELLS,58650,1
5700,,,PICNIC_BASKET1,SEASHELLS,58649,1
5700,,,PICNIC_BASKET2,SEASHELLS,30232,1
5700,,,PICNIC_BASKET2,SEASHELLS,30231,1
5700,,,SQUID_INK,SEASHELLS,1862,14
5800,,,KELP,SEASHELLS,2035,14
5800,,,SQUID_INK,SEASHELLS,1861,14
5900,,SUBMISSION,DJEMBES,SEASHELLS,13414,26
5900,,SUBMISSION,DJEMBES,SEASHELLS,13414,49
5900,,SUBMISSION,KELP,SEASHELLS,2034,4
5900,SUBMISSION,,SQUID_INK,SEASHELLS,1860,29
5900,SUBMISSION,,SQUID_INK,SEASHELLS,1860,2
5900,,,KELP,SEASHELLS,2035,12
5900,,,KELP,SEASHELLS,2032,1
5900,,,RAINFOREST_RESIN,SEASHELLS,9996,1
5900,,,SQUID_INK,SEASHELLS,1859,1
6000,,SUBMISSION,DJEMBES,SEASHELLS,13414,23
6000,,SUBMISSION,DJEMBES,SEASHELLS,13414,22
6100,,SUBMISSION,RAINFOREST_RESIN,SEASHELLS,10002,11
6100,,,DJEMBES,SEASHELLS,13413,5
6100,,,KELP,SEASHELLS,2032,5
6100,,,KELP,SEASHELLS,2034,8
6100,,,SQUID_INK,SEASHELLS,1859,5
6100,,,SQUID_INK,SEASHELLS,1860,8
6200,,,JAMS,SEASHELLS,6540,3
6300,SUBMISSION,,DJEMBES,SEASHELLS,13414,30
6300,SUBMISSION,,DJEMBES,SEASHELLS,13414,44
6400,,SUBMISSION,KELP,SEASHELLS,2034,3
6400,,SUBMISSION,PICNIC_BASKET2,SEASHELLS,30235,18
6400,,SUBMISSION,PICNIC_BASKET2,SEASHELLS,30235,2
6400,SUBMISSION,,RAINFOREST_RESIN,SEASHELLS,9998,1
6400,,,CROISSANTS,SEASHELLS,4272,8
6700,SUBMISSION,,PICNIC_BASKET2,SEASHELLS,30233,1
6700,SUBMISSION,,RAINFOREST_RESIN,SEASHELLS,9998,5
6800,,,JAMS,SEASHELLS,6540,5
6900,,SUBMISSION,JAMS,SEASHELLS,6541,75
6900,,SUBMISSION,PICNIC_BASKET1,SEASHELLS,58659,2
6900,,SUBMISSION,PICNIC_BASKET2,SEASHELLS,30236,2
6900,,,DJEMBES,SEASHELLS,13415,2
7000,,SUBMISSION,KELP,SEASHELLS,2034,2
7100,,,CROISSANTS,SEASHELLS,4271,7
7200,,,CROISSANTS,SEASHELLS,4271,5
7300,,SUBMISSION,PICNIC_BASKET1,SEASHELLS,58663,2
7300,SUBMISSION,,SQUID_INK,SEASHELLS,1860,8
7300,,,JAMS,SEASHELLS,6540,8
7300,,,PICNIC_BASKET2,SEASHELLS,30235,1
7400,,,JAMS,SEASHELLS,6540,6
7400,,,KELP,SEASHELLS,2032,1
7400,,,SQUID_INK,SEASHELLS,1859,1
7500,SUBMISSION,,PICNIC_BASKET2,SEASHELLS,30233,11
7500,,,JAMS,SEASHELLS,6541,7
7600,SUBMISSION,,DJEMBES,SEASHELLS,13414,24
7600,SUBMISSION,,DJEMBES,SEASHELLS,13414,22
7600,SUBMISSION,,PICNIC_BASKET1,SEASHELLS,58658,1
7600,SUBMISSION,,PICNIC_BASKET2,SEASHELLS,30229,1
7700,SUBMISSION,,RAINFOREST_RESIN,SEASHELLS,9998,1
7800,SUBMISSION,,JAMS,SEASHELLS,6540,89
7800,SUBMISSION,,JAMS,SEASHELLS,6540,103
7800,,SUBMISSION,KELP,SEASHELLS,2034,1
7800,,,RAINFOREST_RESIN,SEASHELLS,10002,2
7900,SUBMISSION,,SQUID_INK,SEASHELLS,1859,1
7900,,,CROISSANTS,SEASHELLS,4270,8
7900,,,JAMS,SEASHELLS,6539,5
7900,,,RAINFOREST_RESIN,SEASHELLS,10004,1
7900,,,RAINFOREST_RESIN,SEASHELLS,10004,8
8000,SUBMISSION,,PICNIC_BASKET1,SEASHELLS,58651,3
8000,SUBMISSION,,SQUID_INK,SEASHELLS,1859,22
8100,SUBMISSION,,PICNIC_BASKET2,SEASHELLS,30225,1
8200,,,JAMS,SEASHELLS,6538,5
8600,,SUBMISSION,PICNIC_BASKET1,SEASHELLS,58653,1
8600,,SUBMISSION,PICNIC_BASKET2,SEASHELLS,30226,1
8600,,,RAINFOREST_RESIN,SEASHELLS,10004,1
8600,,,RAINFOREST_RESIN,SEASHELLS,10004,6
8700,,SUBMISSION,PICNIC_BASKET2,SEASHELLS,30227,7
8800,,SUBMISSION,JAMS,SEASHELLS,6540,75
8900,,SUBMISSION,DJEMBES,SEASHELLS,13412,15
8900,,SUBMISSION,DJEMBES,SEASHELLS,13412,31
8900,,SUBMISSION,PICNIC_BASKET1,SEASHELLS,58657,3
8900,SUBMISSION,,PICNIC_BASKET2,SEASHELLS,30225,12
8900,SUBMISSION,,PICNIC_BASKET2,SEASHELLS,30225,2
8900,,,PICNIC_BASKET2,SEASHELLS,30224,3
9100,SUBMISSION,,DJEMBES,SEASHELLS,13411,22
9100,SUBMISSION,,PICNIC_BASKET1,SEASHELLS,58652,1
9100,,,CROISSANTS,SEASHELLS,4270,5
9100,,,PICNIC_BASKET1,SEASHELLS,58643,1
9100,,,PICNIC_BASKET2,SEASHELLS,30224,1
9200,,SUBMISSION,PICNIC_BASKET2,SEASHELLS,30227,17
9200,SUBMISSION,,SQUID_INK,SEASHELLS,1857,6
9300,,SUBMISSION,KELP,SEASHELLS,2034,1
9300,,,JAMS,SEASHELLS,6539,9
9400,,,KELP,SEASHELLS,2032,1
9400,,,SQUID_INK,SEASHELLS,1855,1
9600,,SUBMISSION,SQUID_INK,SEASHELLS,1857,1
9600,,,KELP,SEASHELLS,2034,1
9600,,,RAINFOREST_RESIN,SEASHELLS,9998,2
9600,,,SQUID_INK,SEASHELLS,1855,2
9700,,SUBMISSION,DJEMBES,SEASHELLS,13412,25
9700,,SUBMISSION,DJEMBES,SEASHELLS,13412,43
9700,SUBMISSION,,JAMS,SEASHELLS,6539,54
9700,,SUBMISSION,PICNIC_BASKET1,SEASHELLS,58653,1
9700,,,RAINFOREST_RESIN,SEASHELLS,9996,1
9800,,SUBMISSION,DJEMBES,SEASHELLS,13413,28
9800,SUBMISSION,,KELP,SEASHELLS,2034,2
9800,SUBMISSION,,RAINFOREST_RESIN,SEASHELLS,9998,1
9800,,,DJEMBES,SEASHELLS,13415,4
9900,,SUBMISSION,SQUID_INK,SEASHELLS,1858,29
9900,,SUBMISSION,SQUID_INK,SEASHELLS,1858,2
9900,,,JAMS,SEASHELLS,6540,5
9900,,,KELP,SEASHELLS,2035,1
9900,,,SQUID_INK,SEASHELLS,1860,1
9900,,,SQUID_INK,SEASHELLS,1859,5
10000,,,CROISSANTS,SEASHELLS,4270,8
10100,SUBMISSION,,DJEMBES,SEASHELLS,13411,26
10100,,,JAMS,SEASHELLS,6540,4
10200,SUBMISSION,,DJEMBES,SEASHELLS,13412,29
10200,SUBMISSION,,DJEMBES,SEASHELLS,13412,47
10200,,SUBMISSION,PICNIC_BASKET2,SEASHELLS,30228,2
10300,SUBMISSION,,PICNIC_BASKET1,SEASHELLS,58647,4
10300,,,DJEMBES,SEASHELLS,13410,3
10400,SUBMISSION,,DJEMBES,SEASHELLS,13411,18
10400,,SUBMISSION,PICNIC_BASKET2,SEASHELLS,30230,19
10400,,SUBMISSION,PICNIC_BASKET2,SEASHELLS,30230,18
10500,,SUBMISSION,PICNIC_BASKET2,SEASHELLS,30232,20
10500,,,KELP,SEASHELLS,2033,2
10500,,,RAINFOREST_RESIN,SEASHELLS,10002,1
10500,,,RAINFOREST_RESIN,SEASHELLS,9995,2
10500,,,SQUID_INK,SEASHELLS,1856,2
10600,,SUBMISSION,RAINFOREST_RESIN,SEASHELLS,10000,4
10600,SUBMISSION,,SQUID_INK,SEASHELLS,1858,6
10600,,,KELP,SEASHELLS,2035,1
10600,,,SQUID_INK,SEASHELLS,1858,1
10700,SUBMISSION,,JAMS,SEASHELLS,6539,80
10800,,SUBMISSION,KELP,SEASHELLS,2035,1
10800,SUBMISSION,,PICNIC_BASKET2,SEASHELLS,30232,2
10800,,SUBMISSION,SQUID_INK,SEASHELLS,1858,1
10800,,,JAMS,SEASHELLS,6538,8
10900,,SUBMISSION,SQUID_INK,SEASHELLS,1860,2
11000,,SUBMISSION,JAMS,SEASHELLS,6540,77
11000,,SUBMISSION,SQUID_INK,SEASHELLS,1864,1
11100,,SUBMISSION,JAMS,SEASHELLS,6540,64
11100,,SUBMISSION,SQUID_INK,SEASHELLS,1864,25
11100,,SUBMISSION,SQUID_INK,SEASHELLS,1864,2
11200,,SUBMISSION,JAMS,SEASHELLS,6541,50
11200,,SUBMISSION,JAMS,SEASHELLS,6541,146
11300,SUBMISSION,,RAINFOREST_RESIN,SEASHELLS,9998,1
11400,,SUBMISSION,PICNIC_BASKET2,SEASHELLS,30233,17
11400,,SUBMISSION,PICNIC_BASKET2,SEASHELLS,30233,12
11400,,SUBMISSION,RAINFOREST_RESIN,SEASHELLS,10002,1
11400,SUBMISSION,,SQUID_INK,SEASHELLS,1861,22
11500,,SUBMISSION,PICNIC_BASKET2,SEASHELLS,30234,16
11500,SUBMISSION,,SQUID_INK,SEASHELLS,1860,27
11600,,SUBMISSION,PICNIC_BASKET2,SEASHELLS,30236,23
11600,,SUBMISSION,PICNIC_BASKET2,SEASHELLS,30236,17
11600,,SUBMISSION,PICNIC_BASKET2,SEASHELLS,30236,1
11600,SUBMISSION,,SQUID_INK,SEASHELLS,1861,30
11600,SUBMISSION,,SQUID_INK,SEASHELLS,1861,1
11700,SUBMISSION,,KELP,SEASHELLS,2034,3
11700,,SUBMISSION,PICNIC_BASKET2,SEASHELLS,30241,1
11700,SUBMISSION,,SQUID_INK,SEASHELLS,1858,2
11700,,,RAINFOREST_RESIN,SEASHELLS,10002,1
11700,,,SQUID_INK,SEASHELLS,1858,1
11800,,SUBMISSION,DJEMBES,SEASHELLS,13410,22
11800,,SUBMISSION,PICNIC_BASKET2,SEASHELLS,30241,6
11900,,SUBMISSION,DJEMBES,SEASHELLS,13410,17
11900,,SUBMISSION,DJEMBES,SEASHELLS,13410,37
12000,SUBMISSION,,RAINFOREST_RESIN,SEASHELLS,9998,1
12100,,SUBMISSION,DJEMBES,SEASHELLS,13413,30
12100,,SUBMISSION,DJEMBES,SEASHELLS,13413,14
12100,SUBMISSION,,KELP,SEASHELLS,2034,8
12100,,SUBMISSION,PICNIC_BASKET1,SEASHELLS,58639,30
12100,,SUBMISSION,PICNIC_BASKET1,SEASHELLS,58639,11
12100,SUBMISSION,,PICNIC_BASKET2,SEASHELLS,30240,11
12100,SUBMISSION,,RAINFOREST_RESIN,SEASHELLS,9998,2
12100,,,DJEMBES,SEASHELLS,13415,1
12100,,,KELP,SEASHELLS,2036,1
12100,,,RAINFOREST_RESIN,SEASHELLS,10005,1
12100,,,SQUID_INK,SEASHELLS,1855,1
12200,,SUBMISSION,JAMS,SEASHELLS,6542,50
12200,,SUBMISSION,JAMS,SEASHELLS,6542,110
12200,,SUBMISSION,PICNIC_BASKET1,SEASHELLS,58644,1
12200,,,KELP,SEASHELLS,2033,1
12200,,,SQUID_INK,SEASHELLS,1856,1
12300,SUBMISSION,,KELP,SEASHELLS,2033,3
12300,,SUBMISSION,PICNIC_BASKET1,SEASHELLS,58647,1
12400,,SUBMISSION,SQUID_INK,SEASHELLS,1857,27
12400,,SUBMISSION,SQUID_INK,SEASHELLS,1857,1
12400,,,KELP,SEASHELLS,2032,1
12400,,,SQUID_INK,SEASHELLS,1857,1
12500,SUBMISSION,,PICNIC_BASKET2,SEASHELLS,30236,2
12600,SUBMISSION,,PICNIC_BASKET1,SEASHELLS,58637,2
12600,SUBMISSION,,PICNIC_BASKET2,SEASHELLS,30230,10
12600,SUBMISSION,,PICNIC_BASKET2,SEASHELLS,30230,2
12700,SUBMISSION,,PICNIC_BASKET1,SEASHELLS,58632,1
12700,SUBMISSION,,PICNIC_BASKET2,SEASHELLS,30231,1
12700,SUBMISSION,,RAINFOREST_RESIN,SEASHELLS,9998,3
12700,,,CROISSANTS,SEASHELLS,4267,7
12800,,SUBMISSION,PICNIC_BASKET2,SEASHELLS,30234,4
12800,SUBMISSION,,SQUID_INK,SEASHELLS,1855,1
12900,,SUBMISSION,KELP,SEASHELLS,2034,1
12900,,SUBMISSION,PICNIC_BASKET2,SEASHELLS,30234,6
12900,SUBMISSION,,SQUID_INK,SEASHELLS,1856,27
12900,,,KELP,SEASHELLS,2036,6
12900,,,SQUID_INK,SEASHELLS,1856,2
13000,SUBMISSION,,RAINFOREST_RESIN,SEASHELLS,9998,1
13100,,SUBMISSION,PICNIC_BASKET1,SEASHELLS,58638,1
13100,,SUBMISSION,RAINFOREST_RESIN,SEASHELLS,10002,3
13200,SUBMISSION,,DJEMBES,SEASHELLS,13417,26
13200,SUBMISSION,,DJEMBES,SEASHELLS,13417,49
13200,SUBMISSION,,PICNIC_BASKET2,SEASHELLS,30233,1
13200,,,PICNIC_BASKET1,SEASHELLS,58636,1
13200,,,PICNIC_BASKET2,SEASHELLS,30228,1
13300,SUBMISSION,,DJEMBES,SEASHELLS,13415,27
13300,SUBMISSION,,PICNIC_BASKET2,SEASHELLS,30232,1
13300,,,JAMS,SEASHELLS,6544,8
13400,SUBMISSION,,DJEMBES,SEASHELLS,13416,15
13400,SUBMISSION,,DJEMBES,SEASHELLS,13416,3
13400,,SUBMISSION,PICNIC_BASKET1,SEASHELLS,58641,2
13500,,SUBMISSION,SQUID_INK,SEASHELLS,1853,21
13500,,SUBMISSION,SQUID_INK,SEASHELLS,1853,2
13600,SUBMISSION,,JAMS,SEASHELLS,6542,76
13600,,SUBMISSION,RAINFOREST_RESIN,SEASHELLS,10002,1
13600,SUBMISSION,,SQUID_INK,SEASHELLS,1852,23
13700,SUBMISSION,,JAMS,SEASHELLS,6542,88
13700,,,CROISSANTS,SEASHELLS,4267,7
13700,,,KELP,SEASHELLS,2034,3
13700,,,SQUID_INK,SEASHELLS,1848,3
13800,,SUBMISSION,DJEMBES,SEASHELLS,13416,29
13900,,,KELP,SEASHELLS,2032,1
13900,,,KELP,SEASHELLS,2034,3
13900,,,SQUID_INK,SEASHELLS,1849,1
13900,,,SQUID_INK,SEASHELLS,1850,3
14000,,SUBMISSION,DJEMBES,SEASHELLS,13416,17
14000,,SUBMISSION,DJEMBES,SEASHELLS,13416,44
14000,,SUBMISSION,SQUID_INK,SEASHELLS,1852,1
14000,,,KELP,SEASHELLS,2032,15
14000,,,SQUID_INK,SEASHELLS,1851,15
14100,,SUBMISSION,CROISSANTS,SEASHELLS,4268,57
14100,,SUBMISSION,KELP,SEASHELLS,2034,4
14100,,SUBMISSION,SQUID_INK,SEASHELLS,1852,4
14200,,SUBMISSION,SQUID_INK,SEASHELLS,1852,26
14200,,SUBMISSION,SQUID_INK,SEASHELLS,1852,1
14200,,,CROISSANTS,SEASHELLS,4267,6
14300,,SUBMISSION,PICNIC_BASKET1,SEASHELLS,58649,2
14300,,SUBMISSION,PICNIC_BASKET2,SEASHELLS,30231,2
14300,,,JAMS,SEASHELLS,6541,5
14400,,SUBMISSION,DJEMBES,SEASHELLS,13417,24
14400,,SUBMISSION,DJEMBES,SEASHELLS,13417,6
14400,,SUBMISSION,PICNIC_BASKET1,SEASHELLS,58650,1
14400,,SUBMISSION,RAINFOREST_RESIN,SEASHELLS,10002,1
14400,,,JAMS,SEASHELLS,6542,6
14500,SUBMISSION,,KELP,SEASHELLS,2033,5
14500,SUBMISSION,,RAINFOREST_RESIN,SEASHELLS,9998,9
14500,SUBMISSION,,SQUID_INK,SEASHELLS,1852,4
14500,,,SQUID_INK,SEASHELLS,1852,1
14600,SUBMISSION,,SQUID_INK,SEASHELLS,1850,5
14700,SUBMISSION,,DJEMBES,SEASHELLS,13416,20
14700,,SUBMISSION,KELP,SEASHELLS,2034,1
14700,,SUBMISSION,SQUID_INK,SEASHELLS,1852,1
14700,,,DJEMBES,SEASHELLS,13417,1
14800,,,CROISSANTS,SEASHELLS,4267,10
14900,SUBMISSION,,PICNIC_BASKET1,SEASHELLS,58650,1
15000,,,CROISSANTS,SEASHELLS,4267,5
15000,,,RAINFOREST_RESIN,SEASHELLS,9998,3
15200,,SUBMISSION,DJEMBES,SEASHELLS,13417,20
15200,SUBMISSION,,KELP,SEASHELLS,2033,1
15200,,SUBMISSION,PICNIC_BASKET1,SEASHELLS,58652,14
15200,,,JAMS,SEASHELLS,6543,5
15200,,,KELP,SEASHELLS,2033,2
15200,,,SQUID_INK,SEASHELLS,1848,2
15200,,,SQUID_INK,SEASHELLS,1848,1
15400,SUBMISSION,,SQUID_INK,SEASHELLS,1849,1
15500,,SUBMISSION,RAINFOREST_RESIN,SEASHELLS,10002,1
15500,,,KELP,SEASHELLS,2033,1
15500,,,RAINFOREST_RESIN,SEASHELLS,9998,1
15500,,,SQUID_INK,SEASHELLS,1850,1
15600,,SUBMISSION,CROISSANTS,SEASHELLS,4268,37
15600,,SUBMISSION,CROISSANTS,SEASHELLS,4268,57
15600,,SUBMISSION,PICNIC_BASKET1,SEASHELLS,58657,18
15600,,SUBMISSION,PICNIC_BASKET1,SEASHELLS,58657,2
15600,SUBMISSION,,SQUID_INK,SEASHELLS,1849,23
15600,,,RAINFOREST_RESIN,SEASHELLS,10002,1
15700,,SUBMISSION,CROISSANTS,SEASHELLS,4268,62
15700,SUBMISSION,,DJEMBES,SEASHELLS,13418,19
15700,SUBMISSION,,DJEMBES,SEASHELLS,13418,44
15800,,SUBMISSION,SQUID_INK,SEASHELLS,1851,6
15800,,SUBMISSION,SQUID_INK,SEASHELLS,1851,23
15800,,SUBMISSION,SQUID_INK,SEASHELLS,1851,2
15800,,,CROISSANTS,SEASHELLS,4269,7
15900,,SUBMISSION,SQUID_INK,SEASHELLS,1854,8
16000,SUBMISSION,,KELP,SEASHELLS,2034,1
16000,SUBMISSION,,PICNIC_BASKET1,SEASHELLS,58656,16
16000,,SUBMISSION,SQUID_INK,SEASHELLS,1856,23
16100,,SUBMISSION,DJEMBES,SEASHELLS,13419,26
16100,,SUBMISSION,DJEMBES,SEASHELLS,13419,37
16100,,SUBMISSION,SQUID_INK,SEASHELLS,1857,3
16100,,,KELP,SEASHELLS,2033,1
16100,,,RAINFOREST_RESIN,SEASHELLS,9996,1
16100,,,SQUID_INK,SEASHELLS,1856,1
16200,SUBMISSION,,PICNIC_BASKET1,SEASHELLS,58653,1
16200,SUBMISSION,,PICNIC_BASKET2,SEASHELLS,30224,1
16200,,,DJEMBES,SEASHELLS,13418,4
16300,SUBMISSION,,SQUID_INK,SEASHELLS,1852,3
16300,,,KELP,SEASHELLS,2034,1
16300,,,SQUID_INK,SEASHELLS,1852,1
16400,SUBMISSION,,DJEMBES,SEASHELLS,13418,15
16400,SUBMISSION,,DJEMBES,SEASHELLS,13418,41
16400,SUBMISSION,,SQUID_INK,SEASHELLS,1851,26
16400,SUBMISSION,,SQUID_INK,SEASHELLS,1851,1
16400,,,KELP,SEASHELLS,2036,9
16500,SUBMISSION,,DJEMBES,SEASHELLS,13418,29
16500,SUBMISSION,,DJEMBES,SEASHELLS,13418,35
16500,SUBMISSION,,SQUID_INK,SEASHELLS,1851,22
16500,SUBMISSION,,SQUID_INK,SEASHELLS,1851,1
16600,,SUBMISSION,PICNIC_BASKET2,SEASHELLS,30227,4
16600,,SUBMISSION,RAINFOREST_RESIN,SEASHELLS,10002,3
16600,SUBMISSION,,SQUID_INK,SEASHELLS,1850,12
16700,,,DJEMBES,SEASHELLS,13418,3
16700,,,KELP,SEASHELLS,2036,2
16700,,,RAINFOREST_RESIN,SEASHELLS,10004,2
16700,,,SQUID_INK,SEASHELLS,1845,2
16800,SUBMISSION,,CROISSANTS,SEASHELLS,4268,53
16800,SUBMISSION,,CROISSANTS,SEASHELLS,4268,88
16800,,,JAMS,SEASHELLS,6540,6
16900,,SUBMISSION,RAINFOREST_RESIN,SEASHELLS,10002,1
16900,,,CROISSANTS,SEASHELLS,4268,5
17000,,SUBMISSION,RAINFOREST_RESIN,SEASHELLS,10002,5
17000,,,RAINFOREST_RESIN,SEASHELLS,9998,3
17100,,SUBMISSION,PICNIC_BASKET1,SEASHELLS,58659,19
17100,,SUBMISSION,PICNIC_BASKET1,SEASHELLS,58659,2
17100,,SUBMISSION,SQUID_INK,SEASHELLS,1850,8
17200,,SUBMISSION,PICNIC_BASKET1,SEASHELLS,58660,2
17200,,SUBMISSION,RAINFOREST_RESIN,SEASHELLS,10002,1
17200,,SUBMISSION,SQUID_INK,SEASHELLS,1848,8
17200,,SUBMISSION,SQUID_INK,SEASHELLS,1848,24
17200,,SUBMISSION,SQUID_INK,SEASHELLS,1848,2
17300,,SUBMISSION,CROISSANTS,SEASHELLS,4268,52
17300,,SUBMISSION,PICNIC_BASKET1,SEASHELLS,58662,4
17300,,SUBMISSION,SQUID_INK,SEASHELLS,1848,29
17400,,SUBMISSION,PICNIC_BASKET1,SEASHELLS,58666,11
17700,,SUBMISSION,CROISSANTS,SEASHELLS,4269,39
17700,,SUBMISSION,CROISSANTS,SEASHELLS,4269,85
17700,,SUBMISSION,DJEMBES,SEASHELLS,13415,17
17700,,SUBMISSION,DJEMBES,SEASHELLS,13415,43
17700,,SUBMISSION,PICNIC_BASKET1,SEASHELLS,58676,2
17800,,SUBMISSION,DJEMBES,SEASHELLS,13415,26
17800,,SUBMISSION,PICNIC_BASKET1,SEASHELLS,58678,13
17800,,,RAINFOREST_RESIN,SEASHELLS,10002,1
17900,,SUBMISSION,KELP,SEASHELLS,2035,1
17900,,SUBMISSION,PICNIC_BASKET1,SEASHELLS,58679,5
17900,,,SQUID_INK,SEASHELLS,1849,1
18000,,SUBMISSION,KELP,SEASHELLS,2035,1
18000,,SUBMISSION,SQUID_INK,SEASHELLS,1850,1
18000,,,KELP,SEASHELLS,2033,2
18000,,,RAINFOREST_RESIN,SEASHELLS,9998,2
18000,,,SQUID_INK,SEASHELLS,1849,2
18100,,SUBMISSION,CROISSANTS,SEASHELLS,4270,47
18100,,SUBMISSION,CROISSANTS,SEASHELLS,4270,79
18100,,SUBMISSION,PICNIC_BASKET2,SEASHELLS,30235,13
18100,SUBMISSION,,SQUID_INK,SEASHELLS,1845,30
18100,SUBMISSION,,SQUID_INK,SEASHELLS,1845,1
18200,,SUBMISSION,CROISSANTS,SEASHELLS,4270,44
18200,,SUBMISSION,CROISSANTS,SEASHELLS,4270,61
18200,SUBMISSION,,SQUID_INK,SEASHELLS,1843,28
18300,SUBMISSION,,DJEMBES,SEASHELLS,13413,23
18300,SUBMISSION,,SQUID_INK,SEASHELLS,1842,13
18300,,,DJEMBES,SEASHELLS,13412,6
18400,SUBMISSION,,DJEMBES,SEASHELLS,13413,19
18400,SUBMISSION,,DJEMBES,SEASHELLS,13413,44
18400,SUBMISSION,,PICNIC_BASKET1,SEASHELLS,58684,19
18500,SUBMISSION,,PICNIC_BASKET2,SEASHELLS,30234,1
18600,SUBMISSION,,CROISSANTS,SEASHELLS,4270,57
18600,,,KELP,SEASHELLS,2033,1
18600,,,SQUID_INK,SEASHELLS,1837,1
18700,SUBMISSION,,CROISSANTS,SEASHELLS,4270,39
18700,SUBMISSION,,CROISSANTS,SEASHELLS,4270,90
18700,,SUBMISSION,KELP,SEASHELLS,2035,1
18700,SUBMISSION,,PICNIC_BASKET2,SEASHELLS,30230,24
18700,SUBMISSION,,PICNIC_BASKET2,SEASHELLS,30230,11
18700,,,SQUID_INK,SEASHELLS,1840,1
18800,,SUBMISSION,DJEMBES,SEASHELLS,13412,29
18800,,SUBMISSION,KELP,SEASHELLS,2035,10
18800,SUBMISSION,,PICNIC_BASKET2,SEASHELLS,30227,2
18800,,,DJEMBES,SEASHELLS,13413,4
18900,,,RAINFOREST_RESIN,SEASHELLS,9996,1
19000,,SUBMISSION,DJEMBES,SEASHELLS,13413,27
19000,,SUBMISSION,DJEMBES,SEASHELLS,13413,30
19000,SUBMISSION,,PICNIC_BASKET2,SEASHELLS,30226,1
19000,,,CROISSANTS,SEASHELLS,4269,7
19000,,,KELP,SEASHELLS,2035,1
19000,,,SQUID_INK,SEASHELLS,1830,1
19100,,SUBMISSION,DJEMBES,SEASHELLS,13413,23
19100,,SUBMISSION,DJEMBES,SEASHELLS,13413,11
19100,,,KELP,SEASHELLS,2033,2
19100,,,SQUID_INK,SEASHELLS,1822,2
19200,,,KELP,SEASHELLS,2035,1
19200,,,RAINFOREST_RESIN,SEASHELLS,10002,1
19200,,,SQUID_INK,SEASHELLS,1825,1
19300,,,KELP,SEASHELLS,2036,10
19300,,,SQUID_INK,SEASHELLS,1828,10
19400,,SUBMISSION,SQUID_INK,SEASHELLS,1829,23
19400,,,KELP,SEASHELLS,2033,1
19400,,,SQUID_INK,SEASHELLS,1829,1
19500,SUBMISSION,,CROISSANTS,SEASHELLS,4269,57
19500,,SUBMISSION,PICNIC_BASKET1,SEASHELLS,58688,1
19500,,SUBMISSION,SQUID_INK,SEASHELLS,1829,1
19500,,,KELP,SEASHELLS,2033,2
19500,,,RAINFOREST_RESIN,SEASHELLS,9998,2
19500,,,SQUID_INK,SEASHELLS,1828,2
19600,,SUBMISSION,PICNIC_BASKET1,SEASHELLS,58691,2
19600,,,DJEMBES,SEASHELLS,13416,5
19700,,SUBMISSION,PICNIC_BASKET1,SEASHELLS,58693,2
19700,SUBMISSION,,SQUID_INK,SEASHELLS,1828,7
19700,,,KELP,SEASHELLS,2033,1
19700,,,KELP,SEASHELLS,2033,15
19700,,,SQUID_INK,SEASHELLS,1826,1
19700,,,SQUID_INK,SEASHELLS,1826,15
19800,SUBMISSION,,JAMS,SEASHELLS,6539,61
19800,SUBMISSION,,SQUID_INK,SEASHELLS,1828,17
19900,,,CROISSANTS,SEASHELLS,4269,5
19900,,,RAINFOREST_RESIN,SEASHELLS,9996,2
19900,,,RAINFOREST_RESIN,SEASHELLS,9996,7
20000,,SUBMISSION,CROISSANTS,SEASHELLS,4270,56
20000,,SUBMISSION,CROISSANTS,SEASHELLS,4270,86
20000,,SUBMISSION,PICNIC_BASKET1,SEASHELLS,58699,2
20000,,SUBMISSION,PICNIC_BASKET2,SEASHELLS,30227,2
20000,,SUBMISSION,SQUID_INK,SEASHELLS,1831,21
20000,,SUBMISSION,SQUID_INK,SEASHELLS,1831,2
20000,,,DJEMBES,SEASHELLS,13416,1
20000,,,KELP,SEASHELLS,2035,1
20000,,,SQUID_INK,SEASHELLS,1833,1
20100,,SUBMISSION,PICNIC_BASKET1,SEASHELLS,58705,2
20100,,SUBMISSION,PICNIC_BASKET2,SEASHELLS,30228,11
20100,,SUBMISSION,PICNIC_BASKET2,SEASHELLS,30228,2
20100,,SUBMISSION,SQUID_INK,SEASHELLS,1832,3
20100,,SUBMISSION,SQUID_INK,SEASHELLS,1832,30
20100,,SUBMISSION,SQUID_INK,SEASHELLS,1832,2
20100,,,KELP,SEASHELLS,2036,2
20100,,,RAINFOREST_RESIN,SEASHELLS,10004,2
20100,,,SQUID_INK,SEASHELLS,1835,2
20200,,SUBMISSION,CROISSANTS,SEASHELLS,4271,59
20200,,SUBMISSION,SQUID_INK,SEASHELLS,1833,26
20300,SUBMISSION,,RAINFOREST_RESIN,SEASHELLS,9998,1
20300,,SUBMISSION,SQUID_INK,SEASHELLS,1833,16
20300,,,CROISSANTS,SEASHELLS,4272,6
20300,,,KELP,SEASHELLS,2033,1
20300,,,SQUID_INK,SEASHELLS,1833,1
20400,SUBMISSION,,PICNIC_BASKET2,SEASHELLS,30228,29
20400,SUBMISSION,,PICNIC_BASKET2,SEASHELLS,30228,19
20400,SUBMISSION,,RAINFOREST_RESIN,SEASHELLS,9998,4
20400,SUBMISSION,,SQUID_INK,SEASHELLS,1833,27
20400,,,RAINFOREST_RESIN,SEASHELLS,9995,5
20500,SUBMISSION,,PICNIC_BASKET2,SEASHELLS,30227,20
20500,SUBMISSION,,PICNIC_BASKET2,SEASHELLS,30227,20
20600,SUBMISSION,,DJEMBES,SEASHELLS,13415,27
20600,SUBMISSION,,DJEMBES,SEASHELLS,13415,50
20600,SUBMISSION,,RAINFOREST_RESIN,SEASHELLS,9998,1
20700,,SUBMISSION,PICNIC_BASKET2,SEASHELLS,30232,1
20700,,SUBMISSION,SQUID_INK,SEASHELLS,1835,20
20700,,SUBMISSION,SQUID_INK,SEASHELLS,1835,1
20800,SUBMISSION,,DJEMBES,SEASHELLS,13414,25
20800,SUBMISSION,,DJEMBES,SEASHELLS,13414,18
20800,,SUBMISSION,JAMS,SEASHELLS,6540,98
20800,,SUBMISSION,PICNIC_BASKET2,SEASHELLS,30235,18
20800,,SUBMISSION,PICNIC_BASKET2,SEASHELLS,30235,1
20800,,SUBMISSION,SQUID_INK,SEASHELLS,1839,6
20800,,,JAMS,SEASHELLS,6539,4
20900,,SUBMISSION,JAMS,SEASHELLS,6540,80
20900,,SUBMISSION,JAMS,SEASHELLS,6540,47
20900,,SUBMISSION,PICNIC_BASKET2,SEASHELLS,30238,1
20900,SUBMISSION,,RAINFOREST_RESIN,SEASHELLS,9998,1
21000,,SUBMISSION,PICNIC_BASKET2,SEASHELLS,30239,2
21000,,,PICNIC_BASKET1,SEASHELLS,58703,2
21000,,,PICNIC_BASKET2,SEASHELLS,30244,2
21100,,SUBMISSION,CROISSANTS,SEASHELLS,4271,51
21100,SUBMISSION,,JAMS,SEASHELLS,6540,91
21100,,SUBMISSION,RAINFOREST_RESIN,SEASHELLS,10002,2
21100,,,DJEMBES,SEASHELLS,13414,5
21200,SUBMISSION,,PICNIC_BASKET1,SEASHELLS,58692,1
21200,SUBMISSION,,SQUID_INK,SEASHELLS,1837,25
21200,SUBMISSION,,SQUID_INK,SEASHELLS,1837,1
21300,SUBMISSION,,JAMS,SEASHELLS,6539,73
21300,,SUBMISSION,KELP,SEASHELLS,2035,1
21300,SUBMISSION,,PICNIC_BASKET1,SEASHELLS,58686,17
21300,SUBMISSION,,SQUID_INK,SEASHELLS,1836,30
21300,,,SQUID_INK,SEASHELLS,1835,1
21400,,SUBMISSION,DJEMBES,SEASHELLS,13414,23
21400,,SUBMISSION,DJEMBES,SEASHELLS,13414,47
21400,SUBMISSION,,JAMS,SEASHELLS,6538,5
21400,SUBMISSION,,PICNIC_BASKET1,SEASHELLS,58678,2
21400,SUBMISSION,,PICNIC_BASKET2,SEASHELLS,30237,2
21400,,,RAINFOREST_RESIN,SEASHELLS,10002,3
21500,SUBMISSION,,PICNIC_BASKET1,SEASHELLS,58682,20
21500,SUBMISSION,,RAINFOREST_RESIN,SEASHELLS,9998,1
21500,,SUBMISSION,SQUID_INK,SEASHELLS,1838,29
21600,SUBMISSION,,PICNIC_BASKET1,SEASHELLS,58674,1
21600,,SUBMISSION,SQUID_INK,SEASHELLS,1843,27
21600,,,CROISSANTS,SEASHELLS,4269,8
21700,SUBMISSION,,PICNIC_BASKET1,SEASHELLS,58673,28
21700,SUBMISSION,,PICNIC_BASKET1,SEASHELLS,58673,18
21700,,,DJEMBES,SEASHELLS,13414,3
21700,,,KELP,SEASHELLS,2035,1
21700,,,SQUID_INK,SEASHELLS,1845,1
21800,SUBMISSION,,PICNIC_BASKET1,SEASHELLS,58667,2
21800,,,CROISSANTS,SEASHELLS,4271,7
21800,,,DJEMBES,SEASHELLS,13413,5
21800,,,SQUID_INK,SEASHELLS,1846,10
21900,SUBMISSION,,PICNIC_BASKET1,SEASHELLS,58667,1
21900,,,KELP,SEASHELLS,2033,1
21900,,,KELP,SEASHELLS,2033,12
21900,,,SQUID_INK,SEASHELLS,1845,13
22000,,SUBMISSION,PICNIC_BASKET1,SEASHELLS,58670,2
22000,,SUBMISSION,PICNIC_BASKET2,SEASHELLS,30236,13
22000,,SUBMISSION,PICNIC_BASKET2,SEASHELLS,30236,2
22000,SUBMISSION,,SQUID_INK,SEASHELLS,1845,3
22000,,,KELP,SEASHELLS,2033,3
22100,,SUBMISSION,DJEMBES,SEASHELLS,13415,22
22100,,SUBMISSION,DJEMBES,SEASHELLS,13415,28
22100,,SUBMISSION,PICNIC_BASKET1,SEASHELLS,58671,1
22100,,SUBMISSION,PICNIC_BASKET2,SEASHELLS,30237,14
22100,,SUBMISSION,PICNIC_BASKET2,SEASHELLS,30237,1
22100,,SUBMISSION,SQUID_INK,SEASHELLS,1849,1
22100,,,DJEMBES,SEASHELLS,13415,0
22100,,,DJEMBES,SEASHELLS,13415,1
22200,,SUBMISSION,CROISSANTS,SEASHELLS,4271,12
22200,SUBMISSION,,JAMS,SEASHELLS,6538,75
22200,SUBMISSION,,KELP,SEASHELLS,2034,8
22200,,SUBMISSION,PICNIC_BASKET1,SEASHELLS,58673,1
22200,,SUBMISSION,SQUID_INK,SEASHELLS,1849,2
22300,SUBMISSION,,JAMS,SEASHELLS,6538,98
22300,SUBMISSION,,JAMS,SEASHELLS,6538,115
22300,,SUBMISSION,PICNIC_BASKET1,SEASHELLS,58677,28
22300,,SUBMISSION,PICNIC_BASKET1,SEASHELLS,58677,10
22400,,,JAMS,SEASHELLS,6536,9
22600,,SUBMISSION,KELP,SEASHELLS,2035,5
22600,,,KELP,SEASHELLS,2035,2
22600,,,RAINFOREST_RESIN,SEASHELLS,9995,2
22600,,,SQUID_INK,SEASHELLS,1850,2
22700,SUBMISSION,,DJEMBES,SEASHELLS,13416,28
22700,SUBMISSION,,DJEMBES,SEASHELLS,13416,31
22700,,,KELP,SEASHELLS,2033,11
22700,,,SQUID_INK,SEASHELLS,1849,11
22800,SUBMISSION,,DJEMBES,SEASHELLS,13415,30
22800,SUBMISSION,,DJEMBES,SEASHELLS,13415,31
22800,SUBMISSION,,PICNIC_BASKET2,SEASHELLS,30235,2
22900,SUBMISSION,,PICNIC_BASKET2,SEASHELLS,30235,2
22900,SUBMISSION,,SQUID_INK,SEASHELLS,1848,2
22900,,,DJEMBES,SEASHELLS,13414,5
23000,SUBMISSION,,PICNIC_BASKET2,SEASHELLS,30232,16
23000,SUBMISSION,,PICNIC_BASKET2,SEASHELLS,30232,1
23000,SUBMISSION,,SQUID_INK,SEASHELLS,1848,22
23000,SUBMISSION,,SQUID_INK,SEASHELLS,1848,1
23100,SUBMISSION,,PICNIC_BASKET1,SEASHELLS,58671,18
23100,SUBMISSION,,SQUID_INK,SEASHELLS,1845,4
23100,,,JAMS,SEASHELLS,6538,8
23200,SUBMISSION,,SQUID_INK,SEASHELLS,1843,8
23200,,,DJEMBES,SEASHELLS,13412,3
23300,,SUBMISSION,PICNIC_BASKET1,SEASHELLS,58675,2
23300,SUBMISSION,,SQUID_INK,SEASHELLS,1844,26
23300,SUBMISSION,,SQUID_INK,SEASHELLS,1844,2
23400,,SUBMISSION,DJEMBES,SEASHELLS,13413,30
23400,SUBMISSION,,SQUID_INK,SEASHELLS,1843,2
23500,,SUBMISSION,DJEMBES,SEASHELLS,13413,25
23500,,SUBMISSION,DJEMBES,SEASHELLS,13413,32
23600,,SUBMISSION,PICNIC_BASKET2,SEASHELLS,30234,1
23600,,SUBMISSION,SQUID_INK,SEASHELLS,1843,21
23600,,SUBMISSION,SQUID_INK,SEASHELLS,1843,1
23600,,,DJEMBES,SEASHELLS,13413,2
23600,,,JAMS,SEASHELLS,6537,3
23600,,,RAINFOREST_RESIN,SEASHELLS,10002,3
23700,,SUBMISSION,PICNIC_BASKET2,SEASHELLS,30233,2
23700,,SUBMISSION,SQUID_INK,SEASHELLS,1844,30
23700,,SUBMISSION,SQUID_INK,SEASHELLS,1844,2
23700,,,KELP,SEASHELLS,2036,1
23700,,,RAINFOREST_RESIN,SEASHELLS,10004,1
23700,,,SQUID_INK,SEASHELLS,1847,1
23800,,SUBMISSION,PICNIC_BASKET2,SEASHELLS,30236,1
23800,,SUBMISSION,RAINFOREST_RESIN,SEASHELLS,10002,1
23900,,,PICNIC_BASKET1,SEASHELLS,58678,2
23900,,,PICNIC_BASKET1,SEASHELLS,58677,4
23900,,,PICNIC_BASKET2,SEASHELLS,30235,2
23900,,,PICNIC_BASKET2,SEASHELLS,30234,4
24000,,SUBMISSION,PICNIC_BASKET1,SEASHELLS,58680,1
24000,,SUBMISSION,PICNIC_BASKET2,SEASHELLS,30238,1
24000,,SUBMISSION,SQUID_INK,SEASHELLS,1846,2
24000,,,JAMS,SEASHELLS,6537,9
24100,SUBMISSION,,DJEMBES,SEASHELLS,13413,20
24100,SUBMISSION,,DJEMBES,SEASHELLS,13413,48
24100,SUBMISSION,,SQUID_INK,SEASHELLS,1844,23
24200,SUBMISSION,,DJEMBES,SEASHELLS,13412,19
24200,SUBMISSION,,PICNIC_BASKET1,SEASHELLS,58676,2
24200,,SUBMISSION,SQUID_INK,SEASHELLS,1849,2
24200,,SUBMISSION,SQUID_INK,SEASHELLS,1849,2
24300,SUBMISSION,,CROISSANTS,SEASHELLS,4272,50
24300,,,DJEMBES,SEASHELLS,13410,1
24400,,,CROISSANTS,SEASHELLS,4271,9
24400,,,DJEMBES,SEASHELLS,13411,3
24400,,,KELP,SEASHELLS,2033,1
24400,,,RAINFOREST_RESIN,SEASHELLS,9998,2
24400,,,SQUID_INK,SEASHELLS,1845,1
24500,SUBMISSION,,SQUID_INK,SEASHELLS,1846,2
24500,,,JAMS,SEASHELLS,6537,10
24600,,,JAMS,SEASHELLS,6537,8
24700,SUBMISSION,,PICNIC_BASKET1,SEASHELLS,58669,15
24700,,SUBMISSION,SQUID_INK,SEASHELLS,1848,22
24800,,SUBMISSION,SQUID_INK,SEASHELLS,1849,10
24900,,SUBMISSION,PICNIC_BASKET1,SEASHELLS,58670,5
24900,,,DJEMBES,SEASHELLS,13412,3
25000,,SUBMISSION,DJEMBES,SEASHELLS,13412,20
25000,,SUBMISSION,DJEMBES,SEASHELLS,13412,39
25000,SUBMISSION,,PICNIC_BASKET2,SEASHELLS,30243,2
25100,SUBMISSION,,CROISSANTS,SEASHELLS,4271,37
25100,SUBMISSION,,PICNIC_BASKET2,SEASHELLS,30242,10
25100,SUBMISSION,,PICNIC_BASKET2,SEASHELLS,30242,1
25100,,,PICNIC_BASKET1,SEASHELLS,58669,1
25100,,,PICNIC_BASKET2,SEASHELLS,30242,0
25100,,,PICNIC_BASKET2,SEASHELLS,30243,6
25300,SUBMISSION,,DJEMBES,SEASHELLS,13411,19
25300,SUBMISSION,,DJEMBES,SEASHELLS,13411,34
25300,SUBMISSION,,RAINFOREST_RESIN,SEASHELLS,9998,1
25400,SUBMISSION,,DJEMBES,SEASHELLS,13411,6
25400,,SUBMISSION,PICNIC_BASKET1,SEASHELLS,58674,2
25400,,,PICNIC_BASKET1,SEASHELLS,58673,5
25400,,,PICNIC_BASKET2,SEASHELLS,30241,2
25500,,SUBMISSION,PICNIC_BASKET1,SEASHELLS,58673,1
25500,,,DJEMBES,SEASHELLS,13410,3
25500,,,RAINFOREST_RESIN,SEASHELLS,9998,1
25500,,,RAINFOREST_RESIN,SEASHELLS,9998,3
25600,SUBMISSION,,PICNIC_BASKET1,SEASHELLS,58673,8
25600,SUBMISSION,,PICNIC_BASKET2,SEASHELLS,30238,8
25600,,,DJEMBES,SEASHELLS,13410,3
25700,SUBMISSION,,PICNIC_BASKET1,SEASHELLS,58673,1
25700,SUBMISSION,,SQUID_INK,SEASHELLS,1852,21
25700,SUBMISSION,,SQUID_INK,SEASHELLS,1852,1
25700,,,RAINFOREST_RESIN,SEASHELLS,10004,1
25700,,,RAINFOREST_RESIN,SEASHELLS,10004,4
25800,SUBMISSION,,PICNIC_BASKET1,SEASHELLS,58670,12
25800,SUBMISSION,,SQUID_INK,SEASHELLS,1852,20
25800,,,CROISSANTS,SEASHELLS,4273,8
25800,,,JAMS,SEASHELLS,6539,4
25800,,,KELP,SEASHELLS,2033,8
25800,,,SQUID_INK,SEASHELLS,1849,8
25900,,SUBMISSION,DJEMBES,SEASHELLS,13411,23
25900,,SUBMISSION,DJEMBES,SEASHELLS,13411,50
25900,,SUBMISSION,PICNIC_BASKET2,SEASHELLS,30241,2
25900,,SUBMISSION,RAINFOREST_RESIN,SEASHELLS,10002,2
25900,,,RAINFOREST_RESIN,SEASHELLS,10002,1
26000,,SUBMISSION,DJEMBES,SEASHELLS,13412,24
26000,,SUBMISSION,DJEMBES,SEASHELLS,13412,23
26000,SUBMISSION,,RAINFOREST_RESIN,SEASHELLS,9998,1
26000,SUBMISSION,,SQUID_INK,SEASHELLS,1851,6
26100,SUBMISSION,,SQUID_INK,SEASHELLS,1849,1
26100,,,KELP,SEASHELLS,2033,1
26200,,SUBMISSION,KELP,SEASHELLS,2035,9
26300,SUBMISSION,,PICNIC_BASKET1,SEASHELLS,58664,2
26300,SUBMISSION,,PICNIC_BASKET2,SEASHELLS,30237,2
26400,SUBMISSION,,PICNIC_BASKET1,SEASHELLS,58658,6
26400,,,PICNIC_BASKET1,SEASHELLS,58658,1
26400,,,PICNIC_BASKET2,SEASHELLS,30235,7
26500,SUBMISSION,,SQUID_INK,SEASHELLS,1848,7
26600,SUBMISSION,,DJEMBES,SEASHELLS,13411,21
26700,SUBMISSION,,PICNIC_BASKET1,SEASHELLS,58656,9
26700,SUBMISSION,,SQUID_INK,SEASHELLS,1845,4
26700,,,KELP,SEASHELLS,2033,4
26800,,SUBMISSION,KELP,SEASHELLS,2035,1
26800,SUBMISSION,,SQUID_INK,SEASHELLS,1847,24
26800,SUBMISSION,,SQUID_INK,SEASHELLS,1847,2
26800,,,CROISSANTS,SEASHELLS,4272,8
26800,,,SQUID_INK,SEASHELLS,1846,1
26900,SUBMISSION,,PICNIC_BASKET2,SEASHELLS,30238,2
26900,SUBMISSION,,RAINFOREST_RESIN,SEASHELLS,9998,1
26900,,,JAMS,SEASHELLS,6536,8
27000,,SUBMISSION,SQUID_INK,SEASHELLS,1849,26
27000,,SUBMISSION,SQUID_INK,SEASHELLS,1849,1
27100,,SUBMISSION,PICNIC_BASKET2,SEASHELLS,30240,19
27100,,SUBMISSION,PICNIC_BASKET2,SEASHELLS,30240,1
27100,,SUBMISSION,SQUID_INK,SEASHELLS,1849,21
27100,,SUBMISSION,SQUID_INK,SEASHELLS,1849,1
27100,,,KELP,SEASHELLS,2035,1
27100,,,RAINFOREST_RESIN,SEASHELLS,10004,1
27100,,,SQUID_INK,SEASHELLS,1851,1
27200,SUBMISSION,,DJEMBES,SEASHELLS,13409,19
27200,,SUBMISSION,SQUID_INK,SEASHELLS,1851,3
27200,,SUBMISSION,SQUID_INK,SEASHELLS,1851,22
27200,,SUBMISSION,SQUID_INK,SEASHELLS,1851,2
27300,,SUBMISSION,CROISSANTS,SEASHELLS,4273,59
27300,,SUBMISSION,CROISSANTS,SEASHELLS,4273,28
27300,SUBMISSION,,DJEMBES,SEASHELLS,13409,27
27300,SUBMISSION,,DJEMBES,SEASHELLS,13409,50
27300,,SUBMISSION,KELP,SEASHELLS,2035,3
27300,,SUBMISSION,PICNIC_BASKET2,SEASHELLS,30243,27
27300,,SUBMISSION,PICNIC_BASKET2,SEASHELLS,30243,17
27300,,SUBMISSION,SQUID_INK,SEASHELLS,1851,3
27400,,SUBMISSION,PICNIC_BASKET2,SEASHELLS,30246,11
27500,,SUBMISSION,DJEMBES,SEASHELLS,13409,16
27500,,SUBMISSION,DJEMBES,SEASHELLS,13409,48
27500,SUBMISSION,,JAMS,SEASHELLS,6536,12
27500,,SUBMISSION,PICNIC_BASKET2,SEASHELLS,30249,10
27500,SUBMISSION,,SQUID_INK,SEASHELLS,1850,7
27600,,SUBMISSION,PICNIC_BASKET1,SEASHELLS,58656,15
27600,,,KELP,SEASHELLS,2036,10
27600,,,RAINFOREST_RESIN,SEASHELLS,10005,7
27600,,,SQUID_INK,SEASHELLS,1852,10
27700,SUBMISSION,,JAMS,SEASHELLS,6536,63
27700,SUBMISSION,,PICNIC_BASKET2,SEASHELLS,30245,24
27700,SUBMISSION,,PICNIC_BASKET2,SEASHELLS,30245,20
27700,SUBMISSION,,PICNIC_BASKET2,SEASHELLS,30245,2
27800,,SUBMISSION,DJEMBES,SEASHELLS,13410,26
27800,,SUBMISSION,DJEMBES,SEASHELLS,13410,27
27800,SUBMISSION,,PICNIC_BASKET2,SEASHELLS,30246,26
27800,SUBMISSION,,PICNIC_BASKET2,SEASHELLS,30246,19
27800,,SUBMISSION,RAINFOREST_RESIN,SEASHELLS,10002,1
27900,SUBMISSION,,CROISSANTS,SEASHELLS,4274,45
27900,SUBMISSION,,PICNIC_BASKET2,SEASHELLS,30245,18
27900,,,CROISSANTS,SEASHELLS,4273,8
28000,SUBMISSION,,KELP,SEASHELLS,2034,4
28000,SUBMISSION,,RAINFOREST_RESIN,SEASHELLS,10000,4
28000,,,DJEMBES,SEASHELLS,13412,5
28200,,SUBMISSION,KELP,SEASHELLS,2035,1
28200,SUBMISSION,,RAINFOREST_RESIN,SEASHELLS,9998,1
28200,,SUBMISSION,SQUID_INK,SEASHELLS,1851,1
28400,SUBMISSION,,PICNIC_BASKET1,SEASHELLS,58654,1
28400,,SUBMISSION,RAINFOREST_RESIN,SEASHELLS,10002,4
28500,SUBMISSION,,CROISSANTS,SEASHELLS,4273,37
28500,SUBMISSION,,PICNIC_BASKET1,SEASHELLS,58654,1
28500,SUBMISSION,,PICNIC_BASKET2,SEASHELLS,30240,1
28500,,SUBMISSION,RAINFOREST_RESIN,SEASHELLS,10002,7
28600,SUBMISSION,,PICNIC_BASKET1,SEASHELLS,58650,13
28600,SUBMISSION,,PICNIC_BASKET2,SEASHELLS,30240,28
28600,SUBMISSION,,PICNIC_BASKET2,SEASHELLS,30240,14
28600,,,KELP,SEASHELLS,2033,1
28600,,,KELP,SEASHELLS,2033,6
28600,,,RAINFOREST_RESIN,SEASHELLS,10002,1
28600,,,RAINFOREST_RESIN,SEASHELLS,9995,10
28600,,,SQUID_INK,SEASHELLS,1848,1
28600,,,SQUID_INK,SEASHELLS,1848,6
28700,SUBMISSION,,JAMS,SEASHELLS,6535,97
28800,SUBMISSION,,JAMS,SEASHELLS,6534,71
28800,SUBMISSION,,PICNIC_BASKET2,SEASHELLS,30236,20
28800,SUBMISSION,,PICNIC_BASKET2,SEASHELLS,30236,13
28800,,,KELP,SEASHELLS,2033,2
28800,,,RAINFOREST_RESIN,SEASHELLS,9995,2
28800,,,SQUID_INK,SEASHELLS,1848,2
28900,,SUBMISSION,SQUID_INK,SEASHELLS,1850,13
29100,,SUBMISSION,KELP,SEASHELLS,2035,1
29100,,SUBMISSION,RAINFOREST_RESIN,SEASHELLS,10002,1
29100,,,SQUID_INK,SEASHELLS,1852,1
29200,SUBMISSION,,DJEMBES,SEASHELLS,13413,25
29300,SUBMISSION,,DJEMBES,SEASHELLS,13412,24
29300,SUBMISSION,,DJEMBES,SEASHELLS,13412,42
29300,,SUBMISSION,PICNIC_BASKET1,SEASHELLS,58641,2
29300,,SUBMISSION,PICNIC_BASKET2,SEASHELLS,30237,2
29400,SUBMISSION,,DJEMBES,SEASHELLS,13412,29
29400,,SUBMISSION,KELP,SEASHELLS,2035,1
29500,,,JAMS,SEASHELLS,6534,8
29500,,,KELP,SEASHELLS,2036,4
29500,,,SQUID_INK,SEASHELLS,1853,4
29700,,SUBMISSION,KELP,SEASHELLS,2035,1
29700,SUBMISSION,,PICNIC_BASKET2,SEASHELLS,30236,2
29700,,,DJEMBES,SEASHELLS,13409,5
29800,,SUBMISSION,PICNIC_BASKET1,SEASHELLS,58648,1
29800,,,KELP,SEASHELLS,2033,1
29800,,,RAINFOREST_RESIN,SEASHELLS,9996,1
29800,,,SQUID_INK,SEASHELLS,1853,1
29900,,SUBMISSION,DJEMBES,SEASHELLS,13411,19
29900,,SUBMISSION,PICNIC_BASKET1,SEASHELLS,58653,18
29900,,,KELP,SEASHELLS,2034,2
29900,,,RAINFOREST_RESIN,SEASHELLS,9998,1
29900,,,SQUID_INK,SEASHELLS,1854,2
30000,,SUBMISSION,DJEMBES,SEASHELLS,13411,16
30000,,SUBMISSION,DJEMBES,SEASHELLS,13411,33
30000,,SUBMISSION,PICNIC_BASKET1,SEASHELLS,58653,12
30000,,,JAMS,SEASHELLS,6534,8
30100,,SUBMISSION,DJEMBES,SEASHELLS,13412,25
30100,,SUBMISSION,DJEMBES,SEASHELLS,13412,27
30100,SUBMISSION,,KELP,SEASHELLS,2034,3
30100,,SUBMISSION,PICNIC_BASKET1,SEASHELLS,58656,16
30100,,,JAMS,SEASHELLS,6534,10
30100,,,SQUID_INK,SEASHELLS,1853,3
30200,,SUBMISSION,PICNIC_BASKET1,SEASHELLS,58659,2
30200,SUBMISSION,,SQUID_INK,SEASHELLS,1854,2
30300,,SUBMISSION,PICNIC_BASKET1,SEASHELLS,58663,20
30300,,SUBMISSION,PICNIC_BASKET1,SEASHELLS,58663,10
30300,,SUBMISSION,RAINFOREST_RESIN,SEASHELLS,10002,1
30300,SUBMISSION,,SQUID_INK,SEASHELLS,1853,5
30300,,,KELP,SEASHELLS,2035,1
30300,,,SQUID_INK,SEASHELLS,1853,1
30400,,SUBMISSION,PICNIC_BASKET1,SEASHELLS,58667,2
30400,SUBMISSION,,SQUID_INK,SEASHELLS,1853,24
30400,SUBMISSION,,SQUID_INK,SEASHELLS,1853,2
30600,,SUBMISSION,CROISSANTS,SEASHELLS,4273,54
30600,,SUBMISSION,PICNIC_BASKET1,SEASHELLS,58668,1
30600,,SUBMISSION,PICNIC_BASKET2,SEASHELLS,30227,19
30600,,SUBMISSION,PICNIC_BASKET2,SEASHELLS,30227,1
30700,,SUBMISSION,CROISSANTS,SEASHELLS,4273,28
30700,,SUBMISSION,PICNIC_BASKET2,SEASHELLS,30228,12
30800,,SUBMISSION,PICNIC_BASKET2,SEASHELLS,30233,2
30800,,SUBMISSION,RAINFOREST_RESIN,SEASHELLS,10002,11
30800,SUBMISSION,,SQUID_INK,SEASHELLS,1852,29
30800,SUBMISSION,,SQUID_INK,SEASHELLS,1852,2
30800,,,CROISSANTS,SEASHELLS,4273,6
30800,,,JAMS,SEASHELLS,6533,9
30900,,SUBMISSION,PICNIC_BASKET1,SEASHELLS,58674,1
30900,,SUBMISSION,PICNIC_BASKET2,SEASHELLS,30237,1
30900,,SUBMISSION,RAINFOREST_RESIN,SEASHELLS,10002,1
30900,,,DJEMBES,SEASHELLS,13416,4
30900,,,JAMS,SEASHELLS,6535,6
31000,,SUBMISSION,PICNIC_BASKET1,SEASHELLS,58684,1
31000,,SUBMISSION,PICNIC_BASKET2,SEASHELLS,30238,11
31000,,SUBMISSION,PICNIC_BASKET2,SEASHELLS,30238,1
31000,,,DJEMBES,SEASHELLS,13416,3
31000,,,JAMS,SEASHELLS,6533,9
31100,,SUBMISSION,PICNIC_BASKET1,SEASHELLS,58686,2
31100,,SUBMISSION,PICNIC_BASKET2,SEASHELLS,30239,16
31100,,SUBMISSION,PICNIC_BASKET2,SEASHELLS,30239,2
31200,,SUBMISSION,PICNIC_BASKET1,SEASHELLS,58691,19
31200,,SUBMISSION,PICNIC_BASKET1,SEASHELLS,58691,11
31200,,SUBMISSION,PICNIC_BASKET2,SEASHELLS,30243,19
31200,,SUBMISSION,PICNIC_BASKET2,SEASHELLS,30243,11
31200,,,DJEMBES,SEASHELLS,13417,4
31300,,SUBMISSION,KELP,SEASHELLS,2036,1
31600,,SUBMISSION,PICNIC_BASKET2,SEASHELLS,30248,10
31600,,,DJEMBES,SEASHELLS,13418,2
31700,SUBMISSION,,DJEMBES,SEASHELLS,13416,30
31700,SUBMISSION,,DJEMBES,SEASHELLS,13416,39
31700,SUBMISSION,,KELP,SEASHELLS,2035,2
31700,,SUBMISSION,PICNIC_BASKET2,SEASHELLS,30249,30
31700,,SUBMISSION,PICNIC_BASKET2,SEASHELLS,30249,17
31700,,,KELP,SEASHELLS,2036,1
31700,,,SQUID_INK,SEASHELLS,1854,1
31800,,SUBMISSION,PICNIC_BASKET2,SEASHELLS,30252,16
31800,,SUBMISSION,PICNIC_BASKET2,SEASHELLS,30252,1
31800,SUBMISSION,,SQUID_INK,SEASHELLS,1852,29
31800,SUBMISSION,,SQUID_INK,SEASHELLS,1852,1
31900,SUBMISSION,,SQUID_INK,SEASHELLS,1851,6
32000,SUBMISSION,,KELP,SEASHELLS,2034,4
32000,SUBMISSION,,PICNIC_BASKET2,SEASHELLS,30250,18
32000,SUBMISSION,,PICNIC_BASKET2,SEASHELLS,30250,2
32000,,,SQUID_INK,SEASHELLS,1847,4
32100,SUBMISSION,,PICNIC_BASKET2,SEASHELLS,30249,15
32200,SUBMISSION,,DJEMBES,SEASHELLS,13416,17
32200,SUBMISSION,,KELP,SEASHELLS,2034,4
32200,SUBMISSION,,PICNIC_BASKET2,SEASHELLS,30249,2
32200,,,SQUID_INK,SEASHELLS,1847,4
32300,SUBMISSION,,DJEMBES,SEASHELLS,13416,18
32300,,SUBMISSION,RAINFOREST_RESIN,SEASHELLS,10002,1
32300,,,DJEMBES,SEASHELLS,13415,1
32400,SUBMISSION,,DJEMBES,SEASHELLS,13414,16
32400,,,JAMS,SEASHELLS,6533,8
32400,,,PICNIC_BASKET1,SEASHELLS,58686,7
32400,,,PICNIC_BASKET2,SEASHELLS,30243,1
32500,,,DJEMBES,SEASHELLS,13413,1
32600,,,CROISSANTS,SEASHELLS,4277,9
32700,SUBMISSION,,PICNIC_BASKET1,SEASHELLS,58689,17
32700,,SUBMISSION,PICNIC_BASKET2,SEASHELLS,30248,4
32700,,SUBMISSION,RAINFOREST_RESIN,SEASHELLS,10002,3
32700,,,PICNIC_BASKET1,SEASHELLS,58688,1
32800,SUBMISSION,,PICNIC_BASKET1,SEASHELLS,58687,23
32800,SUBMISSION,,PICNIC_BASKET1,SEASHELLS,58687,19
32900,SUBMISSION,,PICNIC_BASKET1,SEASHELLS,58681,13
32900,,,KELP,SEASHELLS,2034,1
32900,,,SQUID_INK,SEASHELLS,1834,1
33000,SUBMISSION,,CROISSANTS,SEASHELLS,4277,56
33000,SUBMISSION,,KELP,SEASHELLS,2035,6
33000,SUBMISSION,,PICNIC_BASKET1,SEASHELLS,58675,11
33000,SUBMISSION,,RAINFOREST_RESIN,SEASHELLS,10000,6
33100,,SUBMISSION,DJEMBES,SEASHELLS,13412,22
33100,,SUBMISSION,DJEMBES,SEASHELLS,13412,31
33100,SUBMISSION,,KELP,SEASHELLS,2034,1
33100,SUBMISSION,,PICNIC_BASKET1,SEASHELLS,58676,13
33100,,,SQUID_INK,SEASHELLS,1836,1
33200,,SUBMISSION,DJEMBES,SEASHELLS,13412,13
33200,,SUBMISSION,DJEMBES,SEASHELLS,13412,38
33200,,,CROISSANTS,SEASHELLS,4276,9
33200,,,DJEMBES,SEASHELLS,13412,6
33300,,,DJEMBES,SEASHELLS,13411,4
33400,SUBMISSION,,PICNIC_BASKET2,SEASHELLS,30249,1
33500,SUBMISSION,,PICNIC_BASKET2,SEASHELLS,30242,1
33500,,SUBMISSION,SQUID_INK,SEASHELLS,1840,3
33500,,SUBMISSION,SQUID_INK,SEASHELLS,1840,25
33500,,SUBMISSION,SQUID_INK,SEASHELLS,1840,1
33600,SUBMISSION,,PICNIC_BASKET2,SEASHELLS,30244,22
33600,SUBMISSION,,PICNIC_BASKET2,SEASHELLS,30244,19
33600,SUBMISSION,,PICNIC_BASKET2,SEASHELLS,30244,2
33600,,SUBMISSION,SQUID_INK,SEASHELLS,1843,26
33600,,SUBMISSION,SQUID_INK,SEASHELLS,1843,2
33600,,,KELP,SEASHELLS,2037,1
33600,,,PICNIC_BASKET1,SEASHELLS,58682,2
33600,,,RAINFOREST_RESIN,SEASHELLS,10004,1
33600,,,SQUID_INK,SEASHELLS,1846,1
33700,,SUBMISSION,CROISSANTS,SEASHELLS,4277,5
33700,,SUBMISSION,SQUID_INK,SEASHELLS,1843,4
33800,SUBMISSION,,DJEMBES,SEASHELLS,13412,28
33800,SUBMISSION,,DJEMBES,SEASHELLS,13412,46
33800,,SUBMISSION,SQUID_INK,SEASHELLS,1845,24
33800,,SUBMISSION,SQUID_INK,SEASHELLS,1845,1
33800,,,JAMS,SEASHELLS,6534,10
33900,,SUBMISSION,SQUID_INK,SEASHELLS,1845,14
34200,,SUBMISSION,DJEMBES,SEASHELLS,13412,20
34200,,SUBMISSION,DJEMBES,SEASHELLS,13412,42
34300,SUBMISSION,,DJEMBES,SEASHELLS,13410,21
34300,SUBMISSION,,DJEMBES,SEASHELLS,13410,37
34400,SUBMISSION,,DJEMBES,SEASHELLS,13410,17
34400,SUBMISSION,,DJEMBES,SEASHELLS,13410,17
34400,SUBMISSION,,PICNIC_BASKET1,SEASHELLS,58671,13
34400,SUBMISSION,,PICNIC_BASKET1,SEASHELLS,58671,1
34500,SUBMISSION,,PICNIC_BASKET1,SEASHELLS,58671,8
34500,,SUBMISSION,PICNIC_BASKET2,SEASHELLS,30249,8
34500,SUBMISSION,,SQUID_INK,SEASHELLS,1846,4
34600,,SUBMISSION,PICNIC_BASKET2,SEASHELLS,30250,2
34700,,SUBMISSION,PICNIC_BASKET2,SEASHELLS,30249,18
34700,,SUBMISSION,PICNIC_BASKET2,SEASHELLS,30249,20
34700,,,CROISSANTS,SEASHELLS,4278,5
34800,,SUBMISSION,RAINFOREST_RESIN,SEASHELLS,10002,4
34800,,SUBMISSION,SQUID_INK,SEASHELLS,1848,3
34800,,,KELP,SEASHELLS,2035,3
34800,,,KELP,SEASHELLS,2035,4
34800,,,RAINFOREST_RESIN,SEASHELLS,10002,1
34800,,,SQUID_INK,SEASHELLS,1847,4
34900,,SUBMISSION,DJEMBES,SEASHELLS,13410,26
34900,,SUBMISSION,DJEMBES,SEASHELLS,13410,49
35000,,SUBMISSION,DJEMBES,SEASHELLS,13410,15
35000,,SUBMISSION,PICNIC_BASKET2,SEASHELLS,30253,10
35000,SUBMISSION,,SQUID_INK,SEASHELLS,1846,7
35100,,SUBMISSION,PICNIC_BASKET2,SEASHELLS,30254,16
35100,,,JAMS,SEASHELLS,6534,8
35200,SUBMISSION,,DJEMBES,SEASHELLS,13409,26
35200,SUBMISSION,,DJEMBES,SEASHELLS,13409,33
35200,,,JAMS,SEASHELLS,6533,7
35200,,,KELP,SEASHELLS,2034,1
35200,,,RAINFOREST_RESIN,SEASHELLS,9996,1
35200,,,SQUID_INK,SEASHELLS,1844,1
35400,,,CROISSANTS,SEASHELLS,4278,5
35500,SUBMISSION,,CROISSANTS,SEASHELLS,4277,40
35500,SUBMISSION,,PICNIC_BASKET2,SEASHELLS,30255,1
35500,SUBMISSION,,RAINFOREST_RESIN,SEASHELLS,9998,1
35500,,,JAMS,SEASHELLS,6531,7
35700,SUBMISSION,,KELP,SEASHELLS,2035,1
35700,SUBMISSION,,SQUID_INK,SEASHELLS,1844,1
35800,,,JAMS,SEASHELLS,6531,3
35900,SUBMISSION,,SQUID_INK,SEASHELLS,1841,6
35900,,,JAMS,SEASHELLS,6533,5
36000,,,JAMS,SEASHELLS,6531,3
36100,,,DJEMBES,SEASHELLS,13410,2
36200,SUBMISSION,,DJEMBES,SEASHELLS,13409,20
36200,SUBMISSION,,DJEMBES,SEASHELLS,13409,11
36300,,SUBMISSION,SQUID_INK,SEASHELLS,1843,15
36400,,SUBMISSION,DJEMBES,SEASHELLS,13410,15
36800,SUBMISSION,,DJEMBES,SEASHELLS,13408,15
36800,SUBMISSION,,RAINFOREST_RESIN,SEASHELLS,9998,1
36900,,SUBMISSION,CROISSANTS,SEASHELLS,4277,57
36900,,,KELP,SEASHELLS,2034,1
36900,,,SQUID_INK,SEASHELLS,1845,1
37000,,,CROISSANTS,SEASHELLS,4278,7
37000,,,PICNIC_BASKET1,SEASHELLS,58645,9
37000,,,PICNIC_BASKET2,SEASHELLS,30259,9
37300,SUBMISSION,,SQUID_INK,SEASHELLS,1842,6
37300,,,JAMS,SEASHELLS,6530,9
37300,,,PICNIC_BASKET1,SEASHELLS,58642,10
37300,,,PICNIC_BASKET2,SEASHELLS,30261,10
37400,,,CROISSANTS,SEASHELLS,4276,7
37500,,SUBMISSION,PICNIC_BASKET1,SEASHELLS,58643,17
37500,,SUBMISSION,PICNIC_BASKET1,SEASHELLS,58643,2
37500,,SUBMISSION,PICNIC_BASKET2,SEASHELLS,30260,2
37600,,SUBMISSION,PICNIC_BASKET1,SEASHELLS,58647,19
37600,,SUBMISSION,PICNIC_BASKET1,SEASHELLS,58647,1
37600,,SUBMISSION,PICNIC_BASKET2,SEASHELLS,30262,1
37600,,SUBMISSION,SQUID_INK,SEASHELLS,1845,6
37700,,SUBMISSION,KELP,SEASHELLS,2036,1
37800,,,JAMS,SEASHELLS,6529,4
37800,,,KELP,SEASHELLS,2034,2
37800,,,RAINFOREST_RESIN,SEASHELLS,9998,2
37800,,,SQUID_INK,SEASHELLS,1848,2
37900,,,KELP,SEASHELLS,2034,4
37900,,,SQUID_INK,SEASHELLS,1848,4
38200,,SUBMISSION,DJEMBES,SEASHELLS,13396,22
38200,,SUBMISSION,PICNIC_BASKET2,SEASHELLS,30265,16
38200,,SUBMISSION,PICNIC_BASKET2,SEASHELLS,30265,1
38300,,,KELP,SEASHELLS,2034,8
38300,,,SQUID_INK,SEASHELLS,1849,8
38400,,SUBMISSION,DJEMBES,SEASHELLS,13396,15
38400,,SUBMISSION,DJEMBES,SEASHELLS,13396,32
38400,,,KELP,SEASHELLS,2034,8
38400,,,SQUID_INK,SEASHELLS,1850,2
38500,SUBMISSION,,CROISSANTS,SEASHELLS,4276,35
38500,SUBMISSION,,CROISSANTS,SEASHELLS,4276,93
38500,SUBMISSION,,PICNIC_BASKET2,SEASHELLS,30265,28
38500,SUBMISSION,,PICNIC_BASKET2,SEASHELLS,30265,16
38600,SUBMISSION,,CROISSANTS,SEASHELLS,4276,44
38600,SUBMISSION,,CROISSANTS,SEASHELLS,4276,58
38600,SUBMISSION,,DJEMBES,SEASHELLS,13395,19
38600,SUBMISSION,,PICNIC_BASKET1,SEASHELLS,58646,2
38700,SUBMISSION,,DJEMBES,SEASHELLS,13395,17
38700,SUBMISSION,,DJEMBES,SEASHELLS,13395,33
38700,SUBMISSION,,PICNIC_BASKET1,SEASHELLS,58644,1
38800,,,RAINFOREST_RESIN,SEASHELLS,10005,5
38900,SUBMISSION,,PICNIC_BASKET1,SEASHELLS,58638,1
38900,SUBMISSION,,PICNIC_BASKET2,SEASHELLS,30260,1
39000,SUBMISSION,,CROISSANTS,SEASHELLS,4275,50
39000,SUBMISSION,,CROISSANTS,SEASHELLS,4275,78
39000,SUBMISSION,,PICNIC_BASKET1,SEASHELLS,58637,10
39300,SUBMISSION,,PICNIC_BASKET2,SEASHELLS,30259,5
39300,,,PICNIC_BASKET1,SEASHELLS,58634,5
39300,,,PICNIC_BASKET2,SEASHELLS,30263,7
39400,,SUBMISSION,JAMS,SEASHELLS,6531,52
39400,,SUBMISSION,JAMS,SEASHELLS,6531,164
39400,,SUBMISSION,PICNIC_BASKET1,SEASHELLS,58634,2
39400,SUBMISSION,,SQUID_INK,SEASHELLS,1851,25
39400,SUBMISSION,,SQUID_INK,SEASHELLS,1851,2
39500,,SUBMISSION,JAMS,SEASHELLS,6531,100
39500,,SUBMISSION,JAMS,SEASHELLS,6531,167
39500,,SUBMISSION,KELP,SEASHELLS,2036,1
39500,,SUBMISSION,PICNIC_BASKET2,SEASHELLS,30262,13
39500,,SUBMISSION,PICNIC_BASKET2,SEASHELLS,30262,2
39500,,,DJEMBES,SEASHELLS,13384,3
39600,,SUBMISSION,PICNIC_BASKET2,SEASHELLS,30265,14
39600,,,CROISSANTS,SEASHELLS,4277,6
39700,,SUBMISSION,CROISSANTS,SEASHELLS,4276,45
39700,,SUBMISSION,PICNIC_BASKET2,SEASHELLS,30265,12
39700,,SUBMISSION,PICNIC_BASKET2,SEASHELLS,30265,1
39900,,SUBMISSION,PICNIC_BASKET2,SEASHELLS,30269,1
39900,,,CROISSANTS,SEASHELLS,4276,6
40000,,SUBMISSION,PICNIC_BASKET2,SEASHELLS,30271,13
40000,,SUBMISSION,PICNIC_BASKET2,SEASHELLS,30271,1
40100,,SUBMISSION,PICNIC_BASKET2,SEASHELLS,30274,2
40100,,,JAMS,SEASHELLS,6531,4
40200,,SUBMISSION,PICNIC_BASKET2,SEASHELLS,30275,2
40200,,,JAMS,SEASHELLS,6531,8
40300,,SUBMISSION,DJEMBES,SEASHELLS,13384,16
40300,SUBMISSION,,KELP,SEASHELLS,2035,2
40300,SUBMISSION,,KELP,SEASHELLS,2035,5
40300,,,SQUID_INK,SEASHELLS,1851,2
40400,,SUBMISSION,DJEMBES,SEASHELLS,13387,15
40400,,SUBMISSION,DJEMBES,SEASHELLS,13387,42
40400,,SUBMISSION,SQUID_INK,SEASHELLS,1852,14
40400,,,JAMS,SEASHELLS,6531,7
40400,,,KELP,SEASHELLS,2034,8
40400,,,SQUID_INK,SEASHELLS,1852,8
40500,,SUBMISSION,DJEMBES,SEASHELLS,13391,16
40500,,SUBMISSION,DJEMBES,SEASHELLS,13391,31
40500,,SUBMISSION,PICNIC_BASKET1,SEASHELLS,58644,1
40500,,,CROISSANTS,SEASHELLS,4277,5
40800,SUBMISSION,,DJEMBES,SEASHELLS,13387,25
40800,SUBMISSION,,DJEMBES,SEASHELLS,13387,41
40900,SUBMISSION,,DJEMBES,SEASHELLS,13388,27
40900,SUBMISSION,,DJEMBES,SEASHELLS,13388,27
41100,,,DJEMBES,SEASHELLS,13388,3
41100,,,RAINFOREST_RESIN,SEASHELLS,10002,3
41200,,SUBMISSION,PICNIC_BASKET2,SEASHELLS,30279,1
41200,,SUBMISSION,RAINFOREST_RESIN,SEASHELLS,10002,1
41200,,,JAMS,SEASHELLS,6531,10
41200,,,KELP,SEASHELLS,2034,1
41200,,,SQUID_INK,SEASHELLS,1852,1
41300,,SUBMISSION,DJEMBES,SEASHELLS,13387,27
41300,,SUBMISSION,DJEMBES,SEASHELLS,13387,47
41300,,SUBMISSION,PICNIC_BASKET2,SEASHELLS,30281,1
41300,,SUBMISSION,SQUID_INK,SEASHELLS,1856,13
41300,,,KELP,SEASHELLS,2034,4
41300,,,SQUID_INK,SEASHELLS,1856,4
41400,,SUBMISSION,CROISSANTS,SEASHELLS,4277,53
41400,SUBMISSION,,PICNIC_BASKET1,SEASHELLS,58638,4
41400,,SUBMISSION,PICNIC_BASKET2,SEASHELLS,30283,3
41400,SUBMISSION,,RAINFOREST_RESIN,SEASHELLS,9998,3
41400,,,PICNIC_BASKET1,SEASHELLS,58638,2
41400,,,PICNIC_BASKET2,SEASHELLS,30283,6
41500,,SUBMISSION,DJEMBES,SEASHELLS,13389,21
41500,,SUBMISSION,DJEMBES,SEASHELLS,13389,25
41600,,,CROISSANTS,SEASHELLS,4278,8
41800,SUBMISSION,,RAINFOREST_RESIN,SEASHELLS,9998,1
41900,,,JAMS,SEASHELLS,6531,8
42000,SUBMISSION,,DJEMBES,SEASHELLS,13388,19
42000,SUBMISSION,,DJEMBES,SEASHELLS,13388,44
42000,,,JAMS,SEASHELLS,6531,5
42100,SUBMISSION,,DJEMBES,SEASHELLS,13386,16
42100,SUBMISSION,,DJEMBES,SEASHELLS,13386,41
42200,,,CROISSANTS,SEASHELLS,4276,6
42300,,,SQUID_INK,SEASHELLS,1862,3
42600,SUBMISSION,,SQUID_INK,SEASHELLS,1860,8
42600,,,DJEMBES,SEASHELLS,13384,3
42800,SUBMISSION,,CROISSANTS,SEASHELLS,4277,47
42800,SUBMISSION,,PICNIC_BASKET2,SEASHELLS,30284,2
42800,,,KELP,SEASHELLS,2034,1
42800,,,SQUID_INK,SEASHELLS,1858,1
42900,SUBMISSION,,CROISSANTS,SEASHELLS,4277,40
42900,SUBMISSION,,CROISSANTS,SEASHELLS,4277,83
42900,SUBMISSION,,PICNIC_BASKET2,SEASHELLS,30282,2
42900,,,DJEMBES,SEASHELLS,13382,5
43000,,SUBMISSION,DJEMBES,SEASHELLS,13384,29
43000,,SUBMISSION,DJEMBES,SEASHELLS,13384,43
43000,,SUBMISSION,PICNIC_BASKET1,SEASHELLS,58638,1
43000,SUBMISSION,,PICNIC_BASKET2,SEASHELLS,30278,1
43000,,SUBMISSION,SQUID_INK,SEASHELLS,1864,8
43100,SUBMISSION,,CROISSANTS,SEASHELLS,4276,36
43100,SUBMISSION,,PICNIC_BASKET2,SEASHELLS,30276,18
43100,SUBMISSION,,PICNIC_BASKET2,SEASHELLS,30276,12
43200,,SUBMISSION,JAMS,SEASHELLS,6532,73
43200,,SUBMISSION,JAMS,SEASHELLS,6532,144
43200,SUBMISSION,,KELP,SEASHELLS,2035,2
43200,SUBMISSION,,PICNIC_BASKET2,SEASHELLS,30274,17
43200,SUBMISSION,,PICNIC_BASKET2,SEASHELLS,30274,19
43200,,,CROISSANTS,SEASHELLS,4275,8
43200,,,KELP,SEASHELLS,2035,1
43200,,,SQUID_INK,SEASHELLS,1863,1
43200,,,SQUID_INK,SEASHELLS,1863,2
43300,,SUBMISSION,PICNIC_BASKET1,SEASHELLS,58647,14
43300,SUBMISSION,,PICNIC_BASKET2,SEASHELLS,30273,16
43300,SUBMISSION,,PICNIC_BASKET2,SEASHELLS,30273,14
43400,,SUBMISSION,PICNIC_BASKET1,SEASHELLS,58654,5
43400,SUBMISSION,,SQUID_INK,SEASHELLS,1862,4
43400,,,CROISSANTS,SEASHELLS,4275,8
43400,,,DJEMBES,SEASHELLS,13383,3
43400,,,RAINFOREST_RESIN,SEASHELLS,10005,11
43500,SUBMISSION,,SQUID_INK,SEASHELLS,1863,3
43600,SUBMISSION,,SQUID_INK,SEASHELLS,1855,6
43700,,SUBMISSION,DJEMBES,SEASHELLS,13384,17
43700,,SUBMISSION,DJEMBES,SEASHELLS,13384,31
43700,SUBMISSION,,KELP,SEASHELLS,2035,5
43700,,SUBMISSION,PICNIC_BASKET1,SEASHELLS,58659,15
43700,,SUBMISSION,PICNIC_BASKET1,SEASHELLS,58659,2
43700,,SUBMISSION,PICNIC_BASKET2,SEASHELLS,30272,2
43700,,SUBMISSION,RAINFOREST_RESIN,SEASHELLS,10002,1
43700,SUBMISSION,,SQUID_INK,SEASHELLS,1854,5
43700,,,RAINFOREST_RESIN,SEASHELLS,10002,5
43800,,SUBMISSION,PICNIC_BASKET1,SEASHELLS,58659,2
43800,SUBMISSION,,SQUID_INK,SEASHELLS,1856,30
43800,SUBMISSION,,SQUID_INK,SEASHELLS,1856,2
43800,,,JAMS,SEASHELLS,6534,10
43900,SUBMISSION,,SQUID_INK,SEASHELLS,1855,26
44000,SUBMISSION,,PICNIC_BASKET1,SEASHELLS,58661,8
44000,SUBMISSION,,PICNIC_BASKET2,SEASHELLS,30267,8
44100,SUBMISSION,,SQUID_INK,SEASHELLS,1852,24
44100,,,CROISSANTS,SEASHELLS,4274,7
44200,SUBMISSION,,JAMS,SEASHELLS,6534,63
44300,SUBMISSION,,DJEMBES,SEASHELLS,13389,19
44300,,,DJEMBES,SEASHELLS,13390,2
44400,SUBMISSION,,PICNIC_BASKET1,SEASHELLS,58656,16
44400,SUBMISSION,,PICNIC_BASKET2,SEASHELLS,30264,16
44500,SUBMISSION,,PICNIC_BASKET1,SEASHELLS,58652,1
44500,SUBMISSION,,PICNIC_BASKET2,SEASHELLS,30266,1
44600,,SUBMISSION,DJEMBES,SEASHELLS,13390,19
44600,SUBMISSION,,PICNIC_BASKET2,SEASHELLS,30264,15
44700,SUBMISSION,,DJEMBES,SEASHELLS,13388,24
44700,SUBMISSION,,DJEMBES,SEASHELLS,13388,43
44700,SUBMISSION,,PICNIC_BASKET1,SEASHELLS,58647,14
44800,SUBMISSION,,DJEMBES,SEASHELLS,13387,17
44800,SUBMISSION,,DJEMBES,SEASHELLS,13387,36
44800,SUBMISSION,,JAMS,SEASHELLS,6532,81
44800,SUBMISSION,,PICNIC_BASKET1,SEASHELLS,58635,1
44800,SUBMISSION,,PICNIC_BASKET2,SEASHELLS,30260,17
44800,SUBMISSION,,PICNIC_BASKET2,SEASHELLS,30260,1
44800,,,JAMS,SEASHELLS,6531,4
44800,,,PICNIC_BASKET1,SEASHELLS,58626,1
44800,,,PICNIC_BASKET1,SEASHELLS,58625,1
44800,,,PICNIC_BASKET2,SEASHELLS,30255,1
44800,,,PICNIC_BASKET2,SEASHELLS,30254,1
44900,SUBMISSION,,JAMS,SEASHELLS,6532,93
44900,SUBMISSION,,PICNIC_BASKET1,SEASHELLS,58636,12
44900,,,KELP,SEASHELLS,2036,1
44900,,,SQUID_INK,SEASHELLS,1851,1
45000,SUBMISSION,,PICNIC_BASKET1,SEASHELLS,58629,1
45000,SUBMISSION,,PICNIC_BASKET2,SEASHELLS,30258,13
45000,SUBMISSION,,PICNIC_BASKET2,SEASHELLS,30258,1
45000,,,DJEMBES,SEASHELLS,13386,3
45000,,,KELP,SEASHELLS,2034,1
45000,,,SQUID_INK,SEASHELLS,1847,1
45100,SUBMISSION,,PICNIC_BASKET1,SEASHELLS,58622,1
45200,SUBMISSION,,PICNIC_BASKET1,SEASHELLS,58624,9
45200,,,PICNIC_BASKET1,SEASHELLS,58624,2
45200,,,PICNIC_BASKET2,SEASHELLS,30259,7
45400,,SUBMISSION,PICNIC_BASKET2,SEASHELLS,30260,17
45400,,SUBMISSION,PICNIC_BASKET2,SEASHELLS,30260,16
45400,,SUBMISSION,PICNIC_BASKET2,SEASHELLS,30260,2
45400,SUBMISSION,,RAINFOREST_RESIN,SEASHELLS,9998,6
45500,,SUBMISSION,PICNIC_BASKET2,SEASHELLS,30261,2
45500,SUBMISSION,,RAINFOREST_RESIN,SEASHELLS,9998,1
45500,,,JAMS,SEASHELLS,6531,9
45600,,SUBMISSION,DJEMBES,SEASHELLS,13386,19
45600,,SUBMISSION,DJEMBES,SEASHELLS,13386,36
45600,,SUBMISSION,PICNIC_BASKET2,SEASHELLS,30262,1
45600,,,KELP,SEASHELLS,2034,1
45600,,,SQUID_INK,SEASHELLS,1847,1
45800,SUBMISSION,,DJEMBES,SEASHELLS,13385,30
45800,SUBMISSION,,DJEMBES,SEASHELLS,13385,25
46200,SUBMISSION,,JAMS,SEASHELLS,6531,81
46300,,,RAINFOREST_RESIN,SEASHELLS,10004,1
46300,,,RAINFOREST_RESIN,SEASHELLS,10004,3
46500,,,CROISSANTS,SEASHELLS,4272,5
46500,,,KELP,SEASHELLS,2035,1
46500,,,SQUID_INK,SEASHELLS,1847,1
46600,,SUBMISSION,CROISSANTS,SEASHELLS,4274,40
46600,,SUBMISSION,PICNIC_BASKET1,SEASHELLS,58616,2
46600,,SUBMISSION,PICNIC_BASKET2,SEASHELLS,30266,16
46600,,SUBMISSION,PICNIC_BASKET2,SEASHELLS,30266,2
46700,,SUBMISSION,PICNIC_BASKET1,SEASHELLS,58619,2
46700,,SUBMISSION,PICNIC_BASKET2,SEASHELLS,30268,2
46700,,SUBMISSION,RAINFOREST_RESIN,SEASHELLS,10002,2
46800,,SUBMISSION,DJEMBES,SEASHELLS,13385,25
46800,,SUBMISSION,DJEMBES,SEASHELLS,13385,45
46800,,,CROISSANTS,SEASHELLS,4275,6
46900,,SUBMISSION,DJEMBES,SEASHELLS,13385,15
46900,,SUBMISSION,DJEMBES,SEASHELLS,13385,35
47000,,SUBMISSION,PICNIC_BASKET2,SEASHELLS,30270,1
47100,,,JAMS,SEASHELLS,6528,3
47100,,,KELP,SEASHELLS,2033,1
47100,,,RAINFOREST_RESIN,SEASHELLS,10005,8
47100,,,SQUID_INK,SEASHELLS,1843,1
47200,,,CROISSANTS,SEASHELLS,4273,7
47200,,,KELP,SEASHELLS,2033,8
47300,,SUBMISSION,PICNIC_BASKET1,SEASHELLS,58630,1
47400,SUBMISSION,,DJEMBES,SEASHELLS,13386,21
47400,SUBMISSION,,DJEMBES,SEASHELLS,13386,44
47400,,SUBMISSION,PICNIC_BASKET2,SEASHELLS,30274,18
47400,SUBMISSION,,RAINFOREST_RESIN,SEASHELLS,9998,1
47400,,,KELP,SEASHELLS,2033,1
47400,,,RAINFOREST_RESIN,SEASHELLS,9995,1
47400,,,SQUID_INK,SEASHELLS,1845,1
47500,,SUBMISSION,PICNIC_BASKET1,SEASHELLS,58637,1
47500,,SUBMISSION,PICNIC_BASKET2,SEASHELLS,30276,1
47500,,,KELP,SEASHELLS,2036,1
47500,,,RAINFOREST_RESIN,SEASHELLS,10004,1
47500,,,SQUID_INK,SEASHELLS,1849,1
47600,,SUBMISSION,DJEMBES,SEASHELLS,13388,16
47600,,SUBMISSION,DJEMBES,SEASHELLS,13388,32
47600,,,JAMS,SEASHELLS,6530,9
47700,,,CROISSANTS,SEASHELLS,4273,5
47800,SUBMISSION,,RAINFOREST_RESIN,SEASHELLS,9998,1
47800,,,CROISSANTS,SEASHELLS,4274,7
47900,SUBMISSION,,RAINFOREST_RESIN,SEASHELLS,9998,1
48000,SUBMISSION,,PICNIC_BASKET1,SEASHELLS,58641,6
48000,SUBMISSION,,PICNIC_BASKET2,SEASHELLS,30277,8
48000,SUBMISSION,,RAINFOREST_RESIN,SEASHELLS,9998,3
48000,,,JAMS,SEASHELLS,6531,10
48100,SUBMISSION,,DJEMBES,SEASHELLS,13387,30
48200,,SUBMISSION,RAINFOREST_RESIN,SEASHELLS,10002,3
48200,,SUBMISSION,RAINFOREST_RESIN,SEASHELLS,10002,1
48200,,,JAMS,SEASHELLS,6529,4
48300,SUBMISSION,,CROISSANTS,SEASHELLS,4273,40
48300,SUBMISSION,,DJEMBES,SEASHELLS,13387,26
48300,SUBMISSION,,DJEMBES,SEASHELLS,13387,35
48300,,SUBMISSION,RAINFOREST_RESIN,SEASHELLS,10002,1
48300,,,PICNIC_BASKET1,SEASHELLS,58636,2
48300,,,PICNIC_BASKET2,SEASHELLS,30281,8
48300,,,RAINFOREST_RESIN,SEASHELLS,9996,2
48400,SUBMISSION,,DJEMBES,SEASHELLS,13386,12
48400,,,KELP,SEASHELLS,2033,1
48400,,,SQUID_INK,SEASHELLS,1838,1
48500,,SUBMISSION,KELP,SEASHELLS,2035,1
48500,,,RAINFOREST_RESIN,SEASHELLS,10005,10
48700,,SUBMISSION,DJEMBES,SEASHELLS,13388,20
48700,,SUBMISSION,DJEMBES,SEASHELLS,13388,42
48800,,SUBMISSION,DJEMBES,SEASHELLS,13388,22
48900,SUBMISSION,,RAINFOREST_RESIN,SEASHELLS,9998,1
49000,,,JAMS,SEASHELLS,6530,5
49000,,,KELP,SEASHELLS,2033,2
49000,,,RAINFOREST_RESIN,SEASHELLS,9995,2
49000,,,SQUID_INK,SEASHELLS,1838,2
49100,,,KELP,SEASHELLS,2033,1
49100,,,SQUID_INK,SEASHELLS,1834,1
49200,SUBMISSION,,DJEMBES,SEASHELLS,13387,26
49200,SUBMISSION,,DJEMBES,SEASHELLS,13387,42
49200,,,CROISSANTS,SEASHELLS,4271,8
49300,SUBMISSION,,DJEMBES,SEASHELLS,13387,16
49300,,SUBMISSION,JAMS,SEASHELLS,6530,91
49300,,SUBMISSION,JAMS,SEASHELLS,6530,12
49300,,,KELP,SEASHELLS,2034,1
49300,,,RAINFOREST_RESIN,SEASHELLS,10004,1
49300,,,SQUID_INK,SEASHELLS,1834,1
49400,,SUBMISSION,KELP,SEASHELLS,2036,1
49400,,,JAMS,SEASHELLS,6532,8
49500,,SUBMISSION,CROISSANTS,SEASHELLS,4272,42
49500,,SUBMISSION,CROISSANTS,SEASHELLS,4272,100
49500,,SUBMISSION,KELP,SEASHELLS,2036,1
49500,,SUBMISSION,RAINFOREST_RESIN,SEASHELLS,10002,4
49500,,,JAMS,SEASHELLS,6529,6
49600,,SUBMISSION,CROISSANTS,SEASHELLS,4272,59
49600,,SUBMISSION,CROISSANTS,SEASHELLS,4272,50
49600,SUBMISSION,,JAMS,SEASHELLS,6529,50
49600,SUBMISSION,,PICNIC_BASKET2,SEASHELLS,30279,2
49600,,,CROISSANTS,SEASHELLS,4272,6
49700,SUBMISSION,,JAMS,SEASHELLS,6529,83
49700,SUBMISSION,,PICNIC_BASKET2,SEASHELLS,30278,12
49800,SUBMISSION,,JAMS,SEASHELLS,6529,91
49800,SUBMISSION,,RAINFOREST_RESIN,SEASHELLS,9998,1
50000,SUBMISSION,,CROISSANTS,SEASHELLS,4272,39
50000,,SUBMISSION,DJEMBES,SEASHELLS,13386,19
50000,,SUBMISSION,DJEMBES,SEASHELLS,13386,35
50000,,,JAMS,SEASHELLS,6529,6
50100,,SUBMISSION,DJEMBES,SEASHELLS,13386,20
50100,,SUBMISSION,DJEMBES,SEASHELLS,13386,46
50100,,SUBMISSION,PICNIC_BASKET1,SEASHELLS,58628,2
50200,,,DJEMBES,SEASHELLS,13388,5
50200,,,PICNIC_BASKET1,SEASHELLS,58623,1
50200,,,PICNIC_BASKET2,SEASHELLS,30274,5
50300,SUBMISSION,,CROISSANTS,SEASHELLS,4272,50
50300,SUBMISSION,,CROISSANTS,SEASHELLS,4272,100
50300,,SUBMISSION,RAINFOREST_RESIN,SEASHELLS,10002,1
50400,,,KELP,SEASHELLS,2034,1
50400,,,SQUID_INK,SEASHELLS,1831,1
50500,SUBMISSION,,PICNIC_BASKET1,SEASHELLS,58627,2
50500,SUBMISSION,,PICNIC_BASKET2,SEASHELLS,30272,29
50500,SUBMISSION,,PICNIC_BASKET2,SEASHELLS,30272,10
50500,,,CROISSANTS,SEASHELLS,4271,6
50500,,,KELP,SEASHELLS,2034,1
50500,,,RAINFOREST_RESIN,SEASHELLS,9995,1
50500,,,SQUID_INK,SEASHELLS,1831,1
50600,,SUBMISSION,KELP,SEASHELLS,2036,1
50600,SUBMISSION,,PICNIC_BASKET2,SEASHELLS,30267,7
50600,,SUBMISSION,SQUID_INK,SEASHELLS,1833,1
50600,,,KELP,SEASHELLS,2037,2
50600,,,RAINFOREST_RESIN,SEASHELLS,10004,1
50600,,,RAINFOREST_RESIN,SEASHELLS,10004,1
50600,,,SQUID_INK,SEASHELLS,1834,2
50700,SUBMISSION,,SQUID_INK,SEASHELLS,1831,1
50800,,SUBMISSION,PICNIC_BASKET2,SEASHELLS,30273,2
50800,,,DJEMBES,SEASHELLS,13389,1
50900,,SUBMISSION,PICNIC_BASKET1,SEASHELLS,58617,6
50900,,SUBMISSION,PICNIC_BASKET2,SEASHELLS,30277,6
50900,SUBMISSION,,RAINFOREST_RESIN,SEASHELLS,9998,1
50900,,,KELP,SEASHELLS,2034,1
50900,,,SQUID_INK,SEASHELLS,1831,1
51000,,SUBMISSION,PICNIC_BASKET2,SEASHELLS,30277,1
51100,,,KELP,SEASHELLS,2034,15
51100,,,RAINFOREST_RESIN,SEASHELLS,9996,1
51100,,,RAINFOREST_RESIN,SEASHELLS,9996,10
51100,,,SQUID_INK,SEASHELLS,1831,15
51200,,SUBMISSION,CROISSANTS,SEASHELLS,4272,64
51200,,SUBMISSION,CROISSANTS,SEASHELLS,4272,57
51200,,SUBMISSION,PICNIC_BASKET1,SEASHELLS,58620,16
51200,,SUBMISSION,PICNIC_BASKET2,SEASHELLS,30280,28
51200,,SUBMISSION,PICNIC_BASKET2,SEASHELLS,30280,16
51200,,,KELP,SEASHELLS,2034,2
51200,,,RAINFOREST_RESIN,SEASHELLS,9995,2
51200,,,SQUID_INK,SEASHELLS,1831,2
51300,,SUBMISSION,CROISSANTS,SEASHELLS,4273,41
51300,,SUBMISSION,CROISSANTS,SEASHELLS,4273,72
51300,SUBMISSION,,DJEMBES,SEASHELLS,13389,30
51300,SUBMISSION,,DJEMBES,SEASHELLS,13389,50
51300,,SUBMISSION,PICNIC_BASKET1,SEASHELLS,58625,12
51300,,SUBMISSION,PICNIC_BASKET2,SEASHELLS,30282,30
51300,,SUBMISSION,PICNIC_BASKET2,SEASHELLS,30282,12
51300,,,RAINFOREST_RESIN,SEASHELLS,10005,6
51400,,SUBMISSION,CROISSANTS,SEASHELLS,4273,61
51400,,SUBMISSION,CROISSANTS,SEASHELLS,4273,71
51400,,SUBMISSION,PICNIC_BASKET1,SEASHELLS,58624,20
51400,,SUBMISSION,PICNIC_BASKET1,SEASHELLS,58624,1
51400,,SUBMISSION,PICNIC_BASKET2,SEASHELLS,30285,1
51500,,SUBMISSION,CROISSANTS,SEASHELLS,4274,35
51500,,SUBMISSION,CROISSANTS,SEASHELLS,4274,37
51500,,SUBMISSION,JAMS,SEASHELLS,6529,82
51500,SUBMISSION,,KELP,SEASHELLS,2035,3
51500,,SUBMISSION,PICNIC_BASKET1,SEASHELLS,58629,2
51500,,SUBMISSION,PICNIC_BASKET2,SEASHELLS,30290,14
51500,,SUBMISSION,PICNIC_BASKET2,SEASHELLS,30290,2
51500,,,KELP,SEASHELLS,2037,13
51500,,,SQUID_INK,SEASHELLS,1830,3
51600,,SUBMISSION,JAMS,SEASHELLS,6529,64
51600,,SUBMISSION,JAMS,SEASHELLS,6529,8
51600,,,KELP,SEASHELLS,2034,1
51600,,,SQUID_INK,SEASHELLS,1828,1
51700,,SUBMISSION,DJEMBES,SEASHELLS,13390,28
51700,,SUBMISSION,DJEMBES,SEASHELLS,13390,46
51700,,SUBMISSION,PICNIC_BASKET1,SEASHELLS,58633,2
51700,,SUBMISSION,PICNIC_BASKET2,SEASHELLS,30290,14
51700,,SUBMISSION,PICNIC_BASKET2,SEASHELLS,30290,2
51800,,SUBMISSION,DJEMBES,SEASHELLS,13391,6
51800,,SUBMISSION,PICNIC_BASKET1,SEASHELLS,58636,10
51900,SUBMISSION,,CROISSANTS,SEASHELLS,4274,46
51900,SUBMISSION,,CROISSANTS,SEASHELLS,4274,75
51900,SUBMISSION,,PICNIC_BASKET2,SEASHELLS,30289,14
51900,,,RAINFOREST_RESIN,SEASHELLS,9995,4
52000,SUBMISSION,,CROISSANTS,SEASHELLS,4273,55
52000,,SUBMISSION,KELP,SEASHELLS,2036,3
52000,SUBMISSION,,PICNIC_BASKET2,SEASHELLS,30283,17
52000,SUBMISSION,,PICNIC_BASKET2,SEASHELLS,30283,1
52000,,SUBMISSION,SQUID_INK,SEASHELLS,1830,3
52100,SUBMISSION,,DJEMBES,SEASHELLS,13390,25
52100,SUBMISSION,,DJEMBES,SEASHELLS,13390,46
52100,SUBMISSION,,PICNIC_BASKET2,SEASHELLS,30280,25
52100,SUBMISSION,,PICNIC_BASKET2,SEASHELLS,30280,19
52200,SUBMISSION,,CROISSANTS,SEASHELLS,4273,56
52200,SUBMISSION,,CROISSANTS,SEASHELLS,4273,72
52200,SUBMISSION,,DJEMBES,SEASHELLS,13390,16
52200,SUBMISSION,,JAMS,SEASHELLS,6529,72
52200,SUBMISSION,,JAMS,SEASHELLS,6529,152
52200,SUBMISSION,,KELP,SEASHELLS,2035,2
52200,SUBMISSION,,PICNIC_BASKET2,SEASHELLS,30275,2
52200,SUBMISSION,,SQUID_INK,SEASHELLS,1829,2
52300,SUBMISSION,,DJEMBES,SEASHELLS,13390,18
52300,SUBMISSION,,DJEMBES,SEASHELLS,13390,15
52300,SUBMISSION,,KELP,SEASHELLS,2035,1
52300,SUBMISSION,,PICNIC_BASKET1,SEASHELLS,58636,2
52300,SUBMISSION,,PICNIC_BASKET2,SEASHELLS,30275,17
52300,SUBMISSION,,PICNIC_BASKET2,SEASHELLS,30275,2
52300,,,DJEMBES,SEASHELLS,13390,0
52300,,,DJEMBES,SEASHELLS,13390,5
52400,,SUBMISSION,SQUID_INK,SEASHELLS,1835,4
52500,SUBMISSION,,PICNIC_BASKET1,SEASHELLS,58632,2
52500,SUBMISSION,,PICNIC_BASKET2,SEASHELLS,30272,2
52500,SUBMISSION,,RAINFOREST_RESIN,SEASHELLS,9998,1
52500,,SUBMISSION,SQUID_INK,SEASHELLS,1834,26
52500,,SUBMISSION,SQUID_INK,SEASHELLS,1834,2
52500,,,DJEMBES,SEASHELLS,13390,4
52500,,,PICNIC_BASKET1,SEASHELLS,58632,2
52500,,,PICNIC_BASKET2,SEASHELLS,30267,4
52600,,SUBMISSION,RAINFOREST_RESIN,SEASHELLS,10000,2
52600,,SUBMISSION,SQUID_INK,SEASHELLS,1835,3
52600,,,RAINFOREST_RESIN,SEASHELLS,9998,1
52700,,SUBMISSION,SQUID_INK,SEASHELLS,1836,26
52700,,SUBMISSION,SQUID_INK,SEASHELLS,1836,2
52700,,,RAINFOREST_RESIN,SEASHELLS,10004,2
52700,,,RAINFOREST_RESIN,SEASHELLS,10004,6
52800,SUBMISSION,,CROISSANTS,SEASHELLS,4272,63
52800,,SUBMISSION,SQUID_INK,SEASHELLS,1837,30
52800,,SUBMISSION,SQUID_INK,SEASHELLS,1837,1
52900,,SUBMISSION,SQUID_INK,SEASHELLS,1839,5
53000,,SUBMISSION,JAMS,SEASHELLS,6528,80
53000,,SUBMISSION,KELP,SEASHELLS,2036,1
53000,,,DJEMBES,SEASHELLS,13387,2
53000,,,KELP,SEASHELLS,2033,1
53000,,,RAINFOREST_RESIN,SEASHELLS,9996,1
53000,,,SQUID_INK,SEASHELLS,1842,1
53100,,SUBMISSION,DJEMBES,SEASHELLS,13388,22
53100,,SUBMISSION,DJEMBES,SEASHELLS,13388,35
53100,SUBMISSION,,PICNIC_BASKET1,SEASHELLS,58632,1
53100,,,DJEMBES,SEASHELLS,13389,5
53200,SUBMISSION,,PICNIC_BASKET1,SEASHELLS,58628,2
53200,SUBMISSION,,RAINFOREST_RESIN,SEASHELLS,9998,5
53300,SUBMISSION,,JAMS,SEASHELLS,6527,9
53300,SUBMISSION,,PICNIC_BASKET1,SEASHELLS,58619,6
53300,SUBMISSION,,PICNIC_BASKET2,SEASHELLS,30264,6
53400,SUBMISSION,,PICNIC_BASKET1,SEASHELLS,58621,16
53400,,,CROISSANTS,SEASHELLS,4271,6
53500,SUBMISSION,,PICNIC_BASKET1,SEASHELLS,58619,1
53600,,SUBMISSION,JAMS,SEASHELLS,6528,7
53600,,SUBMISSION,KELP,SEASHELLS,2036,1
53600,,,KELP,SEASHELLS,2037,1
53600,,,RAINFOREST_RESIN,SEASHELLS,10004,1
53600,,,SQUID_INK,SEASHELLS,1843,1
53700,,SUBMISSION,JAMS,SEASHELLS,6528,55
53700,,,JAMS,SEASHELLS,6528,10
53800,,SUBMISSION,PICNIC_BASKET1,SEASHELLS,58621,2
53800,SUBMISSION,,SQUID_INK,SEASHELLS,1840,8
53800,,,DJEMBES,SEASHELLS,13387,2
53900,,SUBMISSION,PICNIC_BASKET1,SEASHELLS,58625,14
53900,,,CROISSANTS,SEASHELLS,4271,7
53900,,,KELP,SEASHELLS,2037,1
53900,,,RAINFOREST_RESIN,SEASHELLS,10005,1
53900,,,SQUID_INK,SEASHELLS,1841,1
54000,SUBMISSION,,DJEMBES,SEASHELLS,13387,21
54000,SUBMISSION,,DJEMBES,SEASHELLS,13387,36
54000,SUBMISSION,,JAMS,SEASHELLS,6528,86
54000,SUBMISSION,,SQUID_INK,SEASHELLS,1840,25
54000,SUBMISSION,,SQUID_INK,SEASHELLS,1840,2
54100,,,KELP,SEASHELLS,2034,1
54100,,,SQUID_INK,SEASHELLS,1838,1
54200,,SUBMISSION,PICNIC_BASKET1,SEASHELLS,58631,11
54200,,,DJEMBES,SEASHELLS,13386,1
54300,,SUBMISSION,CROISSANTS,SEASHELLS,4272,62
54300,,SUBMISSION,CROISSANTS,SEASHELLS,4272,53
54300,,SUBMISSION,PICNIC_BASKET1,SEASHELLS,58638,15
54300,,SUBMISSION,PICNIC_BASKET1,SEASHELLS,58638,1
54300,,SUBMISSION,PICNIC_BASKET2,SEASHELLS,30271,15
54300,,SUBMISSION,PICNIC_BASKET2,SEASHELLS,30271,1
54300,SUBMISSION,,SQUID_INK,SEASHELLS,1839,24
54300,SUBMISSION,,SQUID_INK,SEASHELLS,1839,1
54300,,,JAMS,SEASHELLS,6529,6
54400,,SUBMISSION,CROISSANTS,SEASHELLS,4272,49
54400,,SUBMISSION,CROISSANTS,SEASHELLS,4272,85
54400,,SUBMISSION,PICNIC_BASKET1,SEASHELLS,58641,4
54400,,SUBMISSION,PICNIC_BASKET2,SEASHELLS,30275,4
54500,,SUBMISSION,CROISSANTS,SEASHELLS,4273,36
54500,,SUBMISSION,CROISSANTS,SEASHELLS,4273,77
54500,,SUBMISSION,JAMS,SEASHELLS,6529,77
54500,,SUBMISSION,JAMS,SEASHELLS,6529,155
54500,,SUBMISSION,PICNIC_BASKET1,SEASHELLS,58646,20
54500,,SUBMISSION,PICNIC_BASKET2,SEASHELLS,30275,18
54500,,SUBMISSION,PICNIC_BASKET2,SEASHELLS,30275,20
54500,SUBMISSION,,SQUID_INK,SEASHELLS,1837,6
54500,,,KELP,SEASHELLS,2034,1
54500,,,SQUID_INK,SEASHELLS,1835,1
54600,,SUBMISSION,CROISSANTS,SEASHELLS,4273,5
54600,,SUBMISSION,JAMS,SEASHELLS,6530,98
54600,,SUBMISSION,JAMS,SEASHELLS,6530,132
54600,,SUBMISSION,PICNIC_BASKET1,SEASHELLS,58647,14
54600,,SUBMISSION,PICNIC_BASKET2,SEASHELLS,30276,26
54600,,SUBMISSION,PICNIC_BASKET2,SEASHELLS,30276,16
54700,,SUBMISSION,SQUID_INK,SEASHELLS,1839,5
54700,,SUBMISSION,SQUID_INK,SEASHELLS,1839,30
54700,,SUBMISSION,SQUID_INK,SEASHELLS,1839,1
54800,,SUBMISSION,SQUID_INK,SEASHELLS,1840,24
54800,,SUBMISSION,SQUID_INK,SEASHELLS,1840,1
54800,,,DJEMBES,SEASHELLS,13385,1
54800,,,KELP,SEASHELLS,2034,1
54800,,,SQUID_INK,SEASHELLS,1840,1
54900,,SUBMISSION,DJEMBES,SEASHELLS,13386,20
54900,,SUBMISSION,DJEMBES,SEASHELLS,13386,5
55000,,SUBMISSION,DJEMBES,SEASHELLS,13386,24
55000,,SUBMISSION,DJEMBES,SEASHELLS,13386,46
55000,,,JAMS,SEASHELLS,6531,8
55100,SUBMISSION,,PICNIC_BASKET2,SEASHELLS,30272,16
55100,SUBMISSION,,PICNIC_BASKET2,SEASHELLS,30272,2
55100,,,CROISSANTS,SEASHELLS,4273,7
55100,,,JAMS,SEASHELLS,6530,9
55200,,,CROISSANTS,SEASHELLS,4274,5
55300,SUBMISSION,,JAMS,SEASHELLS,6530,82
55300,SUBMISSION,,SQUID_INK,SEASHELLS,1838,6
55400,SUBMISSION,,RAINFOREST_RESIN,SEASHELLS,9998,1
55400,,,JAMS,SEASHELLS,6530,5
55500,,SUBMISSION,SQUID_INK,SEASHELLS,1840,11
55600,,SUBMISSION,RAINFOREST_RESIN,SEASHELLS,10002,2
55800,,SUBMISSION,PICNIC_BASKET2,SEASHELLS,30275,15
55800,,SUBMISSION,PICNIC_BASKET2,SEASHELLS,30275,2
55800,,SUBMISSION,RAINFOREST_RESIN,SEASHELLS,10002,1
55900,,,KELP,SEASHELLS,2034,1
55900,,,SQUID_INK,SEASHELLS,1839,1
56000,,SUBMISSION,PICNIC_BASKET2,SEASHELLS,30276,23
56000,,SUBMISSION,PICNIC_BASKET2,SEASHELLS,30276,16
56000,SUBMISSION,,SQUID_INK,SEASHELLS,1839,1
56000,,,KELP,SEASHELLS,2037,1
56000,,,RAINFOREST_RESIN,SEASHELLS,9998,5
56000,,,RAINFOREST_RESIN,SEASHELLS,10004,1
56000,,,SQUID_INK,SEASHELLS,1840,1
56100,SUBMISSION,,KELP,SEASHELLS,2034,1
56100,,,CROISSANTS,SEASHELLS,4274,8
56100,,,KELP,SEASHELLS,2037,8
56100,,,SQUID_INK,SEASHELLS,1837,1
56100,,,SQUID_INK,SEASHELLS,1840,8
56200,,SUBMISSION,RAINFOREST_RESIN,SEASHELLS,10002,1
56200,SUBMISSION,,SQUID_INK,SEASHELLS,1837,24
56200,SUBMISSION,,SQUID_INK,SEASHELLS,1837,2
56300,SUBMISSION,,SQUID_INK,SEASHELLS,1837,7
56300,,,KELP,SEASHELLS,2034,8
56300,,,PICNIC_BASKET1,SEASHELLS,58656,10
56300,,,PICNIC_BASKET2,SEASHELLS,30276,10
56300,,,SQUID_INK,SEASHELLS,1835,8
56400,SUBMISSION,,RAINFOREST_RESIN,SEASHELLS,9998,1
56500,,SUBMISSION,DJEMBES,SEASHELLS,13386,25
56500,,SUBMISSION,KELP,SEASHELLS,2036,1
56500,SUBMISSION,,PICNIC_BASKET1,SEASHELLS,58661,2
56500,,SUBMISSION,SQUID_INK,SEASHELLS,1838,1
56600,,SUBMISSION,SQUID_INK,SEASHELLS,1839,29
56600,,SUBMISSION,SQUID_INK,SEASHELLS,1839,2
56700,,SUBMISSION,SQUID_INK,SEASHELLS,1841,2
56800,,,KELP,SEASHELLS,2034,2
56800,,,RAINFOREST_RESIN,SEASHELLS,9996,2
56800,,,SQUID_INK,SEASHELLS,1841,2
57000,,SUBMISSION,KELP,SEASHELLS,2036,1
57100,SUBMISSION,,RAINFOREST_RESIN,SEASHELLS,9998,7
57100,,,PICNIC_BASKET1,SEASHELLS,58666,6
57100,,,PICNIC_BASKET2,SEASHELLS,30278,6
57200,SUBMISSION,,DJEMBES,SEASHELLS,13387,23
57200,SUBMISSION,,DJEMBES,SEASHELLS,13387,44
57300,SUBMISSION,,DJEMBES,SEASHELLS,13386,15
57300,SUBMISSION,,DJEMBES,SEASHELLS,13386,34
57400,,SUBMISSION,JAMS,SEASHELLS,6531,81
57400,SUBMISSION,,KELP,SEASHELLS,2035,8
57500,SUBMISSION,,DJEMBES,SEASHELLS,13386,4
57500,,SUBMISSION,JAMS,SEASHELLS,6531,1
57500,SUBMISSION,,SQUID_INK,SEASHELLS,1845,1
57500,,,KELP,SEASHELLS,2035,1
57500,,,SQUID_INK,SEASHELLS,1846,2
57500,,,SQUID_INK,SEASHELLS,1846,3
57600,SUBMISSION,,KELP,SEASHELLS,2034,1
57600,SUBMISSION,,RAINFOREST_RESIN,SEASHELLS,9998,1
57600,SUBMISSION,,SQUID_INK,SEASHELLS,1842,1
57600,,,KELP,SEASHELLS,2037,1
57600,,,RAINFOREST_RESIN,SEASHELLS,10005,1
57600,,,SQUID_INK,SEASHELLS,1845,1
57700,,SUBMISSION,PICNIC_BASKET1,SEASHELLS,58668,1
57700,,SUBMISSION,RAINFOREST_RESIN,SEASHELLS,10002,5
57700,SUBMISSION,,SQUID_INK,SEASHELLS,1841,3
57800,,SUBMISSION,KELP,SEASHELLS,2036,1
57800,,,RAINFOREST_RESIN,SEASHELLS,9998,1
57800,,,SQUID_INK,SEASHELLS,1842,1
57900,,SUBMISSION,PICNIC_BASKET1,SEASHELLS,58673,1
57900,,,KELP,SEASHELLS,2034,1
57900,,,SQUID_INK,SEASHELLS,1840,1
58100,SUBMISSION,,CROISSANTS,SEASHELLS,4273,42
58100,SUBMISSION,,CROISSANTS,SEASHELLS,4273,91
58100,SUBMISSION,,PICNIC_BASKET1,SEASHELLS,58673,16
58100,SUBMISSION,,PICNIC_BASKET2,SEASHELLS,30277,22
58100,SUBMISSION,,PICNIC_BASKET2,SEASHELLS,30277,16
58100,SUBMISSION,,SQUID_INK,SEASHELLS,1841,20
58100,,,DJEMBES,SEASHELLS,13383,2
58200,SUBMISSION,,PICNIC_BASKET1,SEASHELLS,58671,2
58200,SUBMISSION,,PICNIC_BASKET2,SEASHELLS,30276,2
58200,SUBMISSION,,RAINFOREST_RESIN,SEASHELLS,9998,2
58200,SUBMISSION,,SQUID_INK,SEASHELLS,1840,27
58200,SUBMISSION,,SQUID_INK,SEASHELLS,1840,2
58300,,SUBMISSION,DJEMBES,SEASHELLS,13385,25
58300,SUBMISSION,,KELP,SEASHELLS,2034,1
58300,SUBMISSION,,SQUID_INK,SEASHELLS,1837,1
58400,SUBMISSION,,KELP,SEASHELLS,2034,2
58400,SUBMISSION,,PICNIC_BASKET1,SEASHELLS,58668,2
58400,SUBMISSION,,SQUID_INK,SEASHELLS,1838,2
58400,,,KELP,SEASHELLS,2034,1
58400,,,KELP,SEASHELLS,2037,1
58400,,,PICNIC_BASKET1,SEASHELLS,58669,5
58400,,,PICNIC_BASKET2,SEASHELLS,30276,5
58400,,,RAINFOREST_RESIN,SEASHELLS,10004,1
58400,,,SQUID_INK,SEASHELLS,1838,1
58400,,,SQUID_INK,SEASHELLS,1840,1
58500,SUBMISSION,,PICNIC_BASKET2,SEASHELLS,30273,2
58500,,SUBMISSION,RAINFOREST_RESIN,SEASHELLS,10002,1
58500,,SUBMISSION,SQUID_INK,SEASHELLS,1841,26
58500,,SUBMISSION,SQUID_INK,SEASHELLS,1841,2
58500,,,RAINFOREST_RESIN,SEASHELLS,10004,2
58600,,SUBMISSION,RAINFOREST_RESIN,SEASHELLS,10002,1
58600,,SUBMISSION,SQUID_INK,SEASHELLS,1840,3
58600,,SUBMISSION,SQUID_INK,SEASHELLS,1840,25
58600,,SUBMISSION,SQUID_INK,SEASHELLS,1840,1
58600,,,JAMS,SEASHELLS,6530,6
58600,,,PICNIC_BASKET1,SEASHELLS,58666,1
58600,,,PICNIC_BASKET2,SEASHELLS,30269,8
58700,,,JAMS,SEASHELLS,6532,4
58800,,,JAMS,SEASHELLS,6532,8
58900,,SUBMISSION,KELP,SEASHELLS,2036,1
58900,,,JAMS,SEASHELLS,6530,6
58900,,,KELP,SEASHELLS,2037,2
58900,,,RAINFOREST_RESIN,SEASHELLS,10002,4
58900,,,RAINFOREST_RESIN,SEASHELLS,10002,1
58900,,,SQUID_INK,SEASHELLS,1842,2
59000,,,DJEMBES,SEASHELLS,13384,1
59100,,,KELP,SEASHELLS,2033,2
59100,,,PICNIC_BASKET1,SEASHELLS,58669,2
59100,,,PICNIC_BASKET2,SEASHELLS,30272,2
59100,,,RAINFOREST_RESIN,SEASHELLS,9998,2
59100,,,RAINFOREST_RESIN,SEASHELLS,9998,2
59100,,,SQUID_INK,SEASHELLS,1840,2
59200,,SUBMISSION,PICNIC_BASKET2,SEASHELLS,30273,2
59200,,SUBMISSION,RAINFOREST_RESIN,SEASHELLS,10002,1
59200,,,CROISSANTS,SEASHELLS,4271,6
59200,,,PICNIC_BASKET1,SEASHELLS,58674,2
59200,,,PICNIC_BASKET2,SEASHELLS,30278,2
59200,,,SQUID_INK,SEASHELLS,1842,3
59400,,SUBMISSION,DJEMBES,SEASHELLS,13386,15
59400,,SUBMISSION,DJEMBES,SEASHELLS,13386,38
59400,,,DJEMBES,SEASHELLS,13388,1
59400,,,RAINFOREST_RESIN,SEASHELLS,9998,4
59500,,SUBMISSION,DJEMBES,SEASHELLS,13386,16
59500,,SUBMISSION,PICNIC_BASKET2,SEASHELLS,30276,12
59500,,SUBMISSION,PICNIC_BASKET2,SEASHELLS,30276,2
59700,SUBMISSION,,KELP,SEASHELLS,2035,5
59700,SUBMISSION,,RAINFOREST_RESIN,SEASHELLS,10000,6
59700,,,JAMS,SEASHELLS,6531,8
59700,,,KELP,SEASHELLS,2036,1
59700,,,SQUID_INK,SEASHELLS,1844,1
59700,,,SQUID_INK,SEASHELLS,1843,3
59800,,,CROISSANTS,SEASHELLS,4272,8
59800,,,KELP,SEASHELLS,2034,10
59800,,,PICNIC_BASKET1,SEASHELLS,58670,6
59800,,,PICNIC_BASKET2,SEASHELLS,30282,6
59800,,,RAINFOREST_RESIN,SEASHELLS,9995,5
59900,,,KELP,SEASHELLS,2034,1
59900,,,SQUID_INK,SEASHELLS,1845,1
60000,,,KELP,SEASHELLS,2034,1
60000,,,PICNIC_BASKET1,SEASHELLS,58663,8
60000,,,PICNIC_BASKET2,SEASHELLS,30277,8
60000,,,SQUID_INK,SEASHELLS,1842,1
60100,SUBMISSION,,PICNIC_BASKET2,SEASHELLS,30278,8
60100,,,KELP,SEASHELLS,2034,1
60100,,,SQUID_INK,SEASHELLS,1845,1
60200,,SUBMISSION,DJEMBES,SEASHELLS,13387,20
60200,,SUBMISSION,DJEMBES,SEASHELLS,13387,6
60200,,,DJEMBES,SEASHELLS,13387,0
60200,,,DJEMBES,SEASHELLS,13387,4
60300,,SUBMISSION,KELP,SEASHELLS,2036,1
60300,,SUBMISSION,PICNIC_BASKET2,SEASHELLS,30284,17
60300,,SUBMISSION,PICNIC_BASKET2,SEASHELLS,30284,2
60300,,SUBMISSION,RAINFOREST_RESIN,SEASHELLS,10002,12
60300,SUBMISSION,,SQUID_INK,SEASHELLS,1842,21
60300,SUBMISSION,,SQUID_INK,SEASHELLS,1842,2
60300,,,CROISSANTS,SEASHELLS,4272,9
60300,,,JAMS,SEASHELLS,6533,9
60300,,,PICNIC_BASKET1,SEASHELLS,58674,2
60300,,,PICNIC_BASKET2,SEASHELLS,30290,10
60400,,SUBMISSION,CROISSANTS,SEASHELLS,4273,46
60400,,SUBMISSION,PICNIC_BASKET1,SEASHELLS,58673,1
60400,,SUBMISSION,PICNIC_BASKET2,SEASHELLS,30285,1
60400,SUBMISSION,,SQUID_INK,SEASHELLS,1842,26
60400,SUBMISSION,,SQUID_INK,SEASHELLS,1842,1
60500,,SUBMISSION,PICNIC_BASKET1,SEASHELLS,58680,1
60600,SUBMISSION,,KELP,SEASHELLS,2035,5
60600,,SUBMISSION,PICNIC_BASKET1,SEASHELLS,58683,2
60600,SUBMISSION,,SQUID_INK,SEASHELLS,1842,5
60700,,SUBMISSION,PICNIC_BASKET1,SEASHELLS,58683,1
60700,,,DJEMBES,SEASHELLS,13390,1
60800,,SUBMISSION,PICNIC_BASKET1,SEASHELLS,58687,1
60900,SUBMISSION,,JAMS,SEASHELLS,6531,91
60900,,SUBMISSION,PICNIC_BASKET1,SEASHELLS,58697,8
60900,,SUBMISSION,PICNIC_BASKET2,SEASHELLS,30289,8
60900,SUBMISSION,,RAINFOREST_RESIN,SEASHELLS,9998,2
61000,,SUBMISSION,CROISSANTS,SEASHELLS,4274,64
61000,,SUBMISSION,CROISSANTS,SEASHELLS,4274,23
61000,,SUBMISSION,PICNIC_BASKET1,SEASHELLS,58699,6
61000,,SUBMISSION,PICNIC_BASKET2,SEASHELLS,30288,6
61000,,,RAINFOREST_RESIN,SEASHELLS,9995,2
61100,SUBMISSION,,JAMS,SEASHELLS,6530,51
61100,SUBMISSION,,JAMS,SEASHELLS,6530,110
61100,,,DJEMBES,SEASHELLS,13390,2
61100,,,RAINFOREST_RESIN,SEASHELLS,9998,1
61200,SUBMISSION,,JAMS,SEASHELLS,6529,73
61200,SUBMISSION,,JAMS,SEASHELLS,6529,133
61200,,SUBMISSION,KELP,SEASHELLS,2036,1
61200,,SUBMISSION,SQUID_INK,SEASHELLS,1843,1
61200,,,CROISSANTS,SEASHELLS,4274,10
61300,SUBMISSION,,DJEMBES,SEASHELLS,13390,26
61300,SUBMISSION,,DJEMBES,SEASHELLS,13390,47
61300,SUBMISSION,,JAMS,SEASHELLS,6528,60
61300,SUBMISSION,,PICNIC_BASKET1,SEASHELLS,58699,15
61300,SUBMISSION,,PICNIC_BASKET1,SEASHELLS,58699,2
61300,SUBMISSION,,RAINFOREST_RESIN,SEASHELLS,9998,1
61300,,,JAMS,SEASHELLS,6529,10
61300,,,RAINFOREST_RESIN,SEASHELLS,9998,1
61400,SUBMISSION,,DJEMBES,SEASHELLS,13390,30
61400,SUBMISSION,,DJEMBES,SEASHELLS,13390,17
61400,SUBMISSION,,JAMS,SEASHELLS,6528,56
61400,SUBMISSION,,PICNIC_BASKET1,SEASHELLS,58697,18
61400,SUBMISSION,,PICNIC_BASKET1,SEASHELLS,58697,1
61400,,,KELP,SEASHELLS,2034,1
61400,,,SQUID_INK,SEASHELLS,1841,1
61500,SUBMISSION,,CROISSANTS,SEASHELLS,4274,40
61500,SUBMISSION,,PICNIC_BASKET1,SEASHELLS,58693,2
61500,,,JAMS,SEASHELLS,6527,9
61600,SUBMISSION,,CROISSANTS,SEASHELLS,4274,55
61600,SUBMISSION,,CROISSANTS,SEASHELLS,4274,85
61600,SUBMISSION,,PICNIC_BASKET1,SEASHELLS,58693,1
61600,SUBMISSION,,PICNIC_BASKET2,SEASHELLS,30295,19
61600,SUBMISSION,,PICNIC_BASKET2,SEASHELLS,30295,1
61600,,SUBMISSION,SQUID_INK,SEASHELLS,1844,21
61600,,SUBMISSION,SQUID_INK,SEASHELLS,1844,1
61600,,,JAMS,SEASHELLS,6527,4
61600,,,KELP,SEASHELLS,2037,10
61600,,,SQUID_INK,SEASHELLS,1847,1
61700,,SUBMISSION,JAMS,SEASHELLS,6528,76
61700,SUBMISSION,,PICNIC_BASKET2,SEASHELLS,30292,17
61700,SUBMISSION,,PICNIC_BASKET2,SEASHELLS,30292,1
61700,SUBMISSION,,SQUID_INK,SEASHELLS,1843,29
61700,SUBMISSION,,SQUID_INK,SEASHELLS,1843,1
61800,,SUBMISSION,PICNIC_BASKET1,SEASHELLS,58692,1
61800,SUBMISSION,,PICNIC_BASKET2,SEASHELLS,30291,17
61800,SUBMISSION,,PICNIC_BASKET2,SEASHELLS,30291,1
61900,,SUBMISSION,JAMS,SEASHELLS,6529,78
62000,,SUBMISSION,CROISSANTS,SEASHELLS,4274,35
62000,,SUBMISSION,JAMS,SEASHELLS,6530,63
62000,,SUBMISSION,PICNIC_BASKET1,SEASHELLS,58695,2
62000,,SUBMISSION,PICNIC_BASKET2,SEASHELLS,30293,2
62000,,,DJEMBES,SEASHELLS,13388,6
62000,,,JAMS,SEASHELLS,6531,10
62100,,SUBMISSION,CROISSANTS,SEASHELLS,4274,61
62100,,SUBMISSION,DJEMBES,SEASHELLS,13390,19
62100,SUBMISSION,,KELP,SEASHELLS,2035,2
62100,,SUBMISSION,PICNIC_BASKET2,SEASHELLS,30293,18
62100,,SUBMISSION,PICNIC_BASKET2,SEASHELLS,30293,1
62100,SUBMISSION,,SQUID_INK,SEASHELLS,1841,2
62200,,SUBMISSION,DJEMBES,SEASHELLS,13390,22
62200,,SUBMISSION,DJEMBES,SEASHELLS,13390,32
62200,,SUBMISSION,JAMS,SEASHELLS,6530,73
62200,,SUBMISSION,PICNIC_BASKET1,SEASHELLS,58701,22
62200,,SUBMISSION,PICNIC_BASKET1,SEASHELLS,58701,12
62200,,,KELP,SEASHELLS,2034,1
62200,,,SQUID_INK,SEASHELLS,1840,1
62300,SUBMISSION,,CROISSANTS,SEASHELLS,4274,59
62300,SUBMISSION,,CROISSANTS,SEASHELLS,4274,52
62300,,SUBMISSION,DJEMBES,SEASHELLS,13391,17
62300,,SUBMISSION,DJEMBES,SEASHELLS,13391,30
62300,,SUBMISSION,PICNIC_BASKET1,SEASHELLS,58703,2
62300,SUBMISSION,,PICNIC_BASKET2,SEASHELLS,30294,5
62300,SUBMISSION,,RAINFOREST_RESIN,SEASHELLS,9998,2
62300,,,KELP,SEASHELLS,2034,1
62300,,,RAINFOREST_RESIN,SEASHELLS,9998,1
62300,,,SQUID_INK,SEASHELLS,1838,1
62400,SUBMISSION,,CROISSANTS,SEASHELLS,4274,55
62400,SUBMISSION,,CROISSANTS,SEASHELLS,4274,95
62400,,SUBMISSION,RAINFOREST_RESIN,SEASHELLS,10002,1
62500,SUBMISSION,,KELP,SEASHELLS,2034,1
62500,,SUBMISSION,RAINFOREST_RESIN,SEASHELLS,10002,1
62500,SUBMISSION,,SQUID_INK,SEASHELLS,1839,24
62500,,,SQUID_INK,SEASHELLS,1836,1
62600,,SUBMISSION,KELP,SEASHELLS,2036,1
62600,SUBMISSION,,PICNIC_BASKET2,SEASHELLS,30289,28
62600,SUBMISSION,,PICNIC_BASKET2,SEASHELLS,30289,14
62600,SUBMISSION,,SQUID_INK,SEASHELLS,1838,12
62600,,,DJEMBES,SEASHELLS,13392,4
62600,,,SQUID_INK,SEASHELLS,1837,1
62700,SUBMISSION,,PICNIC_BASKET2,SEASHELLS,30287,15
62700,SUBMISSION,,PICNIC_BASKET2,SEASHELLS,30287,1
62700,,,KELP,SEASHELLS,2036,1
62700,,,KELP,SEASHELLS,2035,7
62700,,,SQUID_INK,SEASHELLS,1836,1
62700,,,SQUID_INK,SEASHELLS,1835,7
62800,SUBMISSION,,DJEMBES,SEASHELLS,13391,25
62800,SUBMISSION,,PICNIC_BASKET1,SEASHELLS,58705,1
62800,SUBMISSION,,RAINFOREST_RESIN,SEASHELLS,9998,1
62900,SUBMISSION,,PICNIC_BASKET1,SEASHELLS,58701,2
62900,,,DJEMBES,SEASHELLS,13392,5
63000,SUBMISSION,,PICNIC_BASKET1,SEASHELLS,58698,2
63000,SUBMISSION,,PICNIC_BASKET2,SEASHELLS,30285,16
63000,SUBMISSION,,PICNIC_BASKET2,SEASHELLS,30285,2
63000,,,DJEMBES,SEASHELLS,13390,5
63100,,SUBMISSION,RAINFOREST_RESIN,SEASHELLS,10002,1
63200,SUBMISSION,,CROISSANTS,SEASHELLS,4273,56
63200,SUBMISSION,,CROISSANTS,SEASHELLS,4273,94
63200,,SUBMISSION,SQUID_INK,SEASHELLS,1837,20
63200,,SUBMISSION,SQUID_INK,SEASHELLS,1837,1
63200,,,KELP,SEASHELLS,2037,1
63200,,,RAINFOREST_RESIN,SEASHELLS,10002,1
63200,,,SQUID_INK,SEASHELLS,1840,1
63400,,SUBMISSION,DJEMBES,SEASHELLS,13391,23
63400,,SUBMISSION,DJEMBES,SEASHELLS,13391,2
63400,SUBMISSION,,SQUID_INK,SEASHELLS,1836,6
63400,,,KELP,SEASHELLS,2035,1
63400,,,RAINFOREST_RESIN,SEASHELLS,10004,1
63400,,,SQUID_INK,SEASHELLS,1837,1
63500,SUBMISSION,,PICNIC_BASKET1,SEASHELLS,58689,2
63500,,,DJEMBES,SEASHELLS,13392,4
63600,,SUBMISSION,CROISSANTS,SEASHELLS,4273,49
63700,,SUBMISSION,CROISSANTS,SEASHELLS,4273,45
63800,,SUBMISSION,CROISSANTS,SEASHELLS,4274,35
63800,,SUBMISSION,KELP,SEASHELLS,2036,1
63800,,SUBMISSION,PICNIC_BASKET1,SEASHELLS,58693,1
63800,,,DJEMBES,SEASHELLS,13392,4
63800,,,SQUID_INK,SEASHELLS,1836,1
63900,,SUBMISSION,CROISSANTS,SEASHELLS,4274,48
63900,,SUBMISSION,CROISSANTS,SEASHELLS,4274,76
63900,SUBMISSION,,KELP,SEASHELLS,2035,5
63900,,SUBMISSION,PICNIC_BASKET1,SEASHELLS,58692,6
63900,,SUBMISSION,PICNIC_BASKET2,SEASHELLS,30290,1
63900,SUBMISSION,,SQUID_INK,SEASHELLS,1835,5
64000,,SUBMISSION,PICNIC_BASKET2,SEASHELLS,30292,1
64000,SUBMISSION,,SQUID_INK,SEASHELLS,1834,10
64100,,SUBMISSION,PICNIC_BASKET2,SEASHELLS,30292,28
64100,,SUBMISSION,PICNIC_BASKET2,SEASHELLS,30292,19
64100,SUBMISSION,,RAINFOREST_RESIN,SEASHELLS,9998,2
64100,,,CROISSANTS,SEASHELLS,4275,6
64100,,,DJEMBES,SEASHELLS,13390,5
64100,,,RAINFOREST_RESIN,SEASHELLS,10005,3
64200,SUBMISSION,,KELP,SEASHELLS,2034,1
64200,,,SQUID_INK,SEASHELLS,1833,1
64400,,SUBMISSION,SQUID_INK,SEASHELLS,1835,21
64400,,SUBMISSION,SQUID_INK,SEASHELLS,1835,2
64400,,,DJEMBES,SEASHELLS,13392,4
64400,,,JAMS,SEASHELLS,6528,6
64500,SUBMISSION,,CROISSANTS,SEASHELLS,4274,42
64500,,SUBMISSION,SQUID_INK,SEASHELLS,1836,1
64500,,SUBMISSION,SQUID_INK,SEASHELLS,1836,28
64500,,SUBMISSION,SQUID_INK,SEASHELLS,1836,2
64600,SUBMISSION,,KELP,SEASHELLS,2034,1
64600,SUBMISSION,,PICNIC_BASKET2,SEASHELLS,30291,25
64600,SUBMISSION,,PICNIC_BASKET2,SEASHELLS,30291,13
64600,,SUBMISSION,SQUID_INK,SEASHELLS,1836,25
64600,,,DJEMBES,SEASHELLS,13391,5
64600,,,SQUID_INK,SEASHELLS,1836,1
64700,SUBMISSION,,PICNIC_BASKET1,SEASHELLS,58699,11
64700,SUBMISSION,,PICNIC_BASKET1,SEASHELLS,58699,1
64700,SUBMISSION,,PICNIC_BASKET2,SEASHELLS,30287,1
64700,,SUBMISSION,SQUID_INK,SEASHELLS,1839,21
64800,SUBMISSION,,DJEMBES,SEASHELLS,13391,24
64800,SUBMISSION,,DJEMBES,SEASHELLS,13391,31
64800,SUBMISSION,,JAMS,SEASHELLS,6528,65
64800,SUBMISSION,,PICNIC_BASKET1,SEASHELLS,58693,10
64800,SUBMISSION,,PICNIC_BASKET2,SEASHELLS,30285,24
64800,SUBMISSION,,PICNIC_BASKET2,SEASHELLS,30285,10
64800,,,SQUID_INK,SEASHELLS,1839,2
64900,SUBMISSION,,JAMS,SEASHELLS,6528,80
64900,SUBMISSION,,PICNIC_BASKET1,SEASHELLS,58691,2
64900,SUBMISSION,,PICNIC_BASKET2,SEASHELLS,30283,18
64900,SUBMISSION,,PICNIC_BASKET2,SEASHELLS,30283,15
64900,SUBMISSION,,PICNIC_BASKET2,SEASHELLS,30283,2
65000,,SUBMISSION,KELP,SEASHELLS,2035,4
65000,,SUBMISSION,RAINFOREST_RESIN,SEASHELLS,10000,4
65000,,,KELP,SEASHELLS,2036,2
65000,,,RAINFOREST_RESIN,SEASHELLS,10002,2
65000,,,SQUID_INK,SEASHELLS,1841,2
65100,,SUBMISSION,DJEMBES,SEASHELLS,13391,28
65100,,SUBMISSION,DJEMBES,SEASHELLS,13391,27
65100,SUBMISSION,,JAMS,SEASHELLS,6527,98
65100,SUBMISSION,,JAMS,SEASHELLS,6527,173
65100,,,CROISSANTS,SEASHELLS,4273,8
65100,,,KELP,SEASHELLS,2034,1
65100,,,SQUID_INK,SEASHELLS,1838,1
65200,,SUBMISSION,KELP,SEASHELLS,2036,1
65200,,,CROISSANTS,SEASHELLS,4274,5
65300,,SUBMISSION,PICNIC_BASKET2,SEASHELLS,30283,11
65300,,SUBMISSION,PICNIC_BASKET2,SEASHELLS,30283,2
65300,,,CROISSANTS,SEASHELLS,4274,6
65300,,,JAMS,SEASHELLS,6526,10
65400,SUBMISSION,,DJEMBES,SEASHELLS,13391,26
65400,SUBMISSION,,DJEMBES,SEASHELLS,13391,48
65400,SUBMISSION,,PICNIC_BASKET1,SEASHELLS,58682,1
65400,,,CROISSANTS,SEASHELLS,4274,8
65400,,,DJEMBES,SEASHELLS,13390,4
65400,,,KELP,SEASHELLS,2034,1
65400,,,RAINFOREST_RESIN,SEASHELLS,10002,1
65400,,,RAINFOREST_RESIN,SEASHELLS,10002,1
65400,,,SQUID_INK,SEASHELLS,1838,1
65500,SUBMISSION,,DJEMBES,SEASHELLS,13391,28
65500,SUBMISSION,,DJEMBES,SEASHELLS,13391,18
65500,,SUBMISSION,KELP,SEASHELLS,2036,4
65500,,,CROISSANTS,SEASHELLS,4274,5
65500,,,KELP,SEASHELLS,2036,4
65500,,,KELP,SEASHELLS,2034,12
65500,,,SQUID_INK,SEASHELLS,1840,4
65500,,,SQUID_INK,SEASHELLS,1840,4
65700,SUBMISSION,,RAINFOREST_RESIN,SEASHELLS,9998,4
65700,,,KELP,SEASHELLS,2034,1
65700,,,RAINFOREST_RESIN,SEASHELLS,9998,4
65700,,,RAINFOREST_RESIN,SEASHELLS,9995,1
65700,,,SQUID_INK,SEASHELLS,1837,1
65800,SUBMISSION,,PICNIC_BASKET2,SEASHELLS,30281,18
65800,SUBMISSION,,PICNIC_BASKET2,SEASHELLS,30281,18
65800,,SUBMISSION,RAINFOREST_RESIN,SEASHELLS,10000,4
65900,SUBMISSION,,PICNIC_BASKET2,SEASHELLS,30278,2
66000,,SUBMISSION,KELP,SEASHELLS,2036,1
66000,,SUBMISSION,PICNIC_BASKET1,SEASHELLS,58687,2
66000,,SUBMISSION,RAINFOREST_RESIN,SEASHELLS,10002,1
66000,,,KELP,SEASHELLS,2037,2
66000,,,RAINFOREST_RESIN,SEASHELLS,10004,2
66000,,,SQUID_INK,SEASHELLS,1841,2
66100,SUBMISSION,,CROISSANTS,SEASHELLS,4273,56
66100,SUBMISSION,,CROISSANTS,SEASHELLS,4273,69
66100,SUBMISSION,,RAINFOREST_RESIN,SEASHELLS,9998,2
66200,SUBMISSION,,CROISSANTS,SEASHELLS,4273,54
66200,SUBMISSION,,PICNIC_BASKET1,SEASHELLS,58686,1
66300,SUBMISSION,,KELP,SEASHELLS,2034,1
66300,,,SQUID_INK,SEASHELLS,1837,1
66400,SUBMISSION,,KELP,SEASHELLS,2035,7
66400,SUBMISSION,,PICNIC_BASKET1,SEASHELLS,58678,3
66400,SUBMISSION,,RAINFOREST_RESIN,SEASHELLS,9998,1
66400,,,PICNIC_BASKET1,SEASHELLS,58678,2
66400,,,PICNIC_BASKET2,SEASHELLS,30278,2
66400,,,PICNIC_BASKET2,SEASHELLS,30278,3
66500,,,KELP,SEASHELLS,2034,1
66500,,,SQUID_INK,SEASHELLS,1837,1
66600,,SUBMISSION,DJEMBES,SEASHELLS,13389,20
66600,SUBMISSION,,PICNIC_BASKET1,SEASHELLS,58675,2
66600,SUBMISSION,,RAINFOREST_RESIN,SEASHELLS,9998,2
66600,SUBMISSION,,SQUID_INK,SEASHELLS,1837,8
66700,SUBMISSION,,SQUID_INK,SEASHELLS,1836,20
66700,SUBMISSION,,SQUID_INK,SEASHELLS,1836,1
66700,,,KELP,SEASHELLS,2034,1
66700,,,SQUID_INK,SEASHELLS,1833,1
66800,SUBMISSION,,SQUID_INK,SEASHELLS,1835,27
66800,SUBMISSION,,SQUID_INK,SEASHELLS,1835,2
66900,SUBMISSION,,SQUID_INK,SEASHELLS,1835,21
66900,SUBMISSION,,SQUID_INK,SEASHELLS,1835,2
66900,,,KELP,SEASHELLS,2035,8
66900,,,SQUID_INK,SEASHELLS,1833,8
67000,,SUBMISSION,KELP,SEASHELLS,2036,1
67100,SUBMISSION,,KELP,SEASHELLS,2035,8
67100,SUBMISSION,,RAINFOREST_RESIN,SEASHELLS,9998,1
67300,SUBMISSION,,DJEMBES,SEASHELLS,13388,20
67300,,,DJEMBES,SEASHELLS,13387,5
67300,,,KELP,SEASHELLS,2034,1
67300,,,SQUID_INK,SEASHELLS,1832,1
67400,,SUBMISSION,JAMS,SEASHELLS,6527,4
67400,,,PICNIC_BASKET1,SEASHELLS,58671,2
67400,,,PICNIC_BASKET2,SEASHELLS,30279,2
67600,SUBMISSION,,RAINFOREST_RESIN,SEASHELLS,9998,1
67600,,,KELP,SEASHELLS,2033,2
67600,,,RAINFOREST_RESIN,SEASHELLS,9995,2
67600,,,SQUID_INK,SEASHELLS,1832,2
67700,,,KELP,SEASHELLS,2034,1
67700,,,RAINFOREST_RESIN,SEASHELLS,9998,1
67700,,,SQUID_INK,SEASHELLS,1831,1
67800,,,KELP,SEASHELLS,2036,1
67800,,,SQUID_INK,SEASHELLS,1835,1
67900,,SUBMISSION,CROISSANTS,SEASHELLS,4273,49
67900,,SUBMISSION,CROISSANTS,SEASHELLS,4273,98
67900,,,JAMS,SEASHELLS,6526,10
68000,,SUBMISSION,PICNIC_BASKET1,SEASHELLS,58677,2
68000,,SUBMISSION,PICNIC_BASKET2,SEASHELLS,30285,2
68000,,SUBMISSION,RAINFOREST_RESIN,SEASHELLS,10002,2
68000,,,KELP,SEASHELLS,2037,2
68000,,,RAINFOREST_RESIN,SEASHELLS,10004,2
68000,,,SQUID_INK,SEASHELLS,1836,2
68100,,SUBMISSION,CROISSANTS,SEASHELLS,4274,48
68100,,SUBMISSION,CROISSANTS,SEASHELLS,4274,90
68100,,SUBMISSION,PICNIC_BASKET2,SEASHELLS,30286,11
68100,,SUBMISSION,PICNIC_BASKET2,SEASHELLS,30286,2
68100,,SUBMISSION,SQUID_INK,SEASHELLS,1836,2
68100,,,KELP,SEASHELLS,2037,11
68100,,,PICNIC_BASKET1,SEASHELLS,58677,2
68100,,,PICNIC_BASKET2,SEASHELLS,30286,0
68100,,,PICNIC_BASKET2,SEASHELLS,30285,6
68100,,,SQUID_INK,SEASHELLS,1839,11
68200,,,DJEMBES,SEASHELLS,13384,9
68200,,,JAMS,SEASHELLS,6527,4
68300,,SUBMISSION,CROISSANTS,SEASHELLS,4275,35
68300,,SUBMISSION,CROISSANTS,SEASHELLS,4275,4
68300,,SUBMISSION,RAINFOREST_RESIN,SEASHELLS,10002,1
68300,SUBMISSION,,SQUID_INK,SEASHELLS,1835,1
68300,,,KELP,SEASHELLS,2034,1
68400,SUBMISSION,,PICNIC_BASKET1,SEASHELLS,58677,26
68400,SUBMISSION,,PICNIC_BASKET1,SEASHELLS,58677,20
68400,SUBMISSION,,RAINFOREST_RESIN,SEASHELLS,9998,1
68400,,,CROISSANTS,SEASHELLS,4276,6
68500,SUBMISSION,,JAMS,SEASHELLS,6524,4
68500,SUBMISSION,,PICNIC_BASKET1,SEASHELLS,58665,19
68500,SUBMISSION,,PICNIC_BASKET1,SEASHELLS,58665,15
68500,SUBMISSION,,PICNIC_BASKET2,SEASHELLS,30280,15
68500,,,RAINFOREST_RESIN,SEASHELLS,9998,5
68600,SUBMISSION,,PICNIC_BASKET1,SEASHELLS,58662,11
68600,SUBMISSION,,RAINFOREST_RESIN,SEASHELLS,9998,1
68600,,SUBMISSION,SQUID_INK,SEASHELLS,1838,21
68600,,,DJEMBES,SEASHELLS,13384,3
68700,,SUBMISSION,SQUID_INK,SEASHELLS,1838,1
68700,,SUBMISSION,SQUID_INK,SEASHELLS,1838,23
68700,,SUBMISSION,SQUID_INK,SEASHELLS,1838,1
68800,SUBMISSION,,PICNIC_BASKET1,SEASHELLS,58659,2
68800,SUBMISSION,,RAINFOREST_RESIN,SEASHELLS,9998,5
68900,,SUBMISSION,RAINFOREST_RESIN,SEASHELLS,10002,1
68900,,SUBMISSION,RAINFOREST_RESIN,SEASHELLS,10002,7
68900,SUBMISSION,,SQUID_INK,SEASHELLS,1838,20
68900,SUBMISSION,,SQUID_INK,SEASHELLS,1838,1
69000,,,KELP,SEASHELLS,2037,2
69000,,,RAINFOREST_RESIN,SEASHELLS,10004,2
69000,,,SQUID_INK,SEASHELLS,1839,2
69100,,SUBMISSION,DJEMBES,SEASHELLS,13384,24
69100,,,DJEMBES,SEASHELLS,13383,2
69200,SUBMISSION,,CROISSANTS,SEASHELLS,4274,64
69200,SUBMISSION,,CROISSANTS,SEASHELLS,4274,85
69200,,SUBMISSION,DJEMBES,SEASHELLS,13385,23
69300,,SUBMISSION,PICNIC_BASKET1,SEASHELLS,58666,1
69300,,SUBMISSION,SQUID_INK,SEASHELLS,1839,28
69300,,SUBMISSION,SQUID_INK,SEASHELLS,1839,1
69400,,SUBMISSION,DJEMBES,SEASHELLS,13385,23
69400,,SUBMISSION,DJEMBES,SEASHELLS,13385,34
69400,,SUBMISSION,PICNIC_BASKET1,SEASHELLS,58671,2
69500,,SUBMISSION,DJEMBES,SEASHELLS,13386,15
69500,,,PICNIC_BASKET1,SEASHELLS,58661,1
69500,,,PICNIC_BASKET1,SEASHELLS,58660,4
69500,,,PICNIC_BASKET2,SEASHELLS,30264,1
69500,,,PICNIC_BASKET2,SEASHELLS,30263,4
69600,,,SQUID_INK,SEASHELLS,1840,3
69800,,,CROISSANTS,SEASHELLS,4273,5
70100,,SUBMISSION,DJEMBES,SEASHELLS,13386,1
70200,SUBMISSION,,SQUID_INK,SEASHELLS,1839,3
70200,,,KELP,SEASHELLS,2034,3
70300,,SUBMISSION,CROISSANTS,SEASHELLS,4274,57
70300,SUBMISSION,,PICNIC_BASKET1,SEASHELLS,58668,3
70300,,SUBMISSION,PICNIC_BASKET2,SEASHELLS,30259,7
70300,,SUBMISSION,PICNIC_BASKET2,SEASHELLS,30259,1
70300,,SUBMISSION,RAINFOREST_RESIN,SEASHELLS,10002,1
70300,,,DJEMBES,SEASHELLS,13387,5
70300,,,PICNIC_BASKET1,SEASHELLS,58668,1
70300,,,PICNIC_BASKET2,SEASHELLS,30259,8
70400,SUBMISSION,,RAINFOREST_RESIN,SEASHELLS,9998,1
70500,,,RAINFOREST_RESIN,SEASHELLS,9998,1
70600,SUBMISSION,,DJEMBES,SEASHELLS,13386,19
70600,,,CROISSANTS,SEASHELLS,4274,8
70700,,SUBMISSION,CROISSANTS,SEASHELLS,4274,40
70700,,SUBMISSION,PICNIC_BASKET1,SEASHELLS,58666,2
70800,,SUBMISSION,JAMS,SEASHELLS,6524,89
70800,,SUBMISSION,RAINFOREST_RESIN,SEASHELLS,10002,1
70900,,SUBMISSION,KELP,SEASHELLS,2036,1
70900,,SUBMISSION,PICNIC_BASKET1,SEASHELLS,58667,2
70900,,SUBMISSION,SQUID_INK,SEASHELLS,1840,1
71000,SUBMISSION,,DJEMBES,SEASHELLS,13386,25
71000,SUBMISSION,,DJEMBES,SEASHELLS,13386,42
71000,,SUBMISSION,JAMS,SEASHELLS,6525,92
71000,,SUBMISSION,PICNIC_BASKET1,SEASHELLS,58670,2
71000,,SUBMISSION,PICNIC_BASKET2,SEASHELLS,30264,2
71100,,SUBMISSION,JAMS,SEASHELLS,6525,57
71100,,SUBMISSION,JAMS,SEASHELLS,6525,109
71100,,SUBMISSION,PICNIC_BASKET1,SEASHELLS,58675,2
71100,,,CROISSANTS,SEASHELLS,4275,5
71100,,,RAINFOREST_RESIN,SEASHELLS,10004,2
71100,,,RAINFOREST_RESIN,SEASHELLS,10004,7
71200,SUBMISSION,,DJEMBES,SEASHELLS,13385,15
71200,SUBMISSION,,DJEMBES,SEASHELLS,13385,19
71200,,SUBMISSION,PICNIC_BASKET1,SEASHELLS,58678,1
71200,,SUBMISSION,PICNIC_BASKET2,SEASHELLS,30267,15
71200,,SUBMISSION,PICNIC_BASKET2,SEASHELLS,30267,14
71200,,SUBMISSION,PICNIC_BASKET2,SEASHELLS,30267,1
71200,,,JAMS,SEASHELLS,6525,7
71300,,SUBMISSION,PICNIC_BASKET2,SEASHELLS,30267,15
71300,,SUBMISSION,PICNIC_BASKET2,SEASHELLS,30267,18
71300,,SUBMISSION,RAINFOREST_RESIN,SEASHELLS,10002,1
71400,,SUBMISSION,PICNIC_BASKET2,SEASHELLS,30270,20
71400,,SUBMISSION,PICNIC_BASKET2,SEASHELLS,30270,18
71400,SUBMISSION,,RAINFOREST_RESIN,SEASHELLS,9998,3
71500,,,CROISSANTS,SEASHELLS,4274,10
71600,SUBMISSION,,PICNIC_BASKET2,SEASHELLS,30270,2
71600,,SUBMISSION,SQUID_INK,SEASHELLS,1841,28
71600,,,RAINFOREST_RESIN,SEASHELLS,9996,2
71700,SUBMISSION,,PICNIC_BASKET2,SEASHELLS,30269,11
71700,SUBMISSION,,PICNIC_BASKET2,SEASHELLS,30269,1
71700,,,DJEMBES,SEASHELLS,13385,3
71900,,SUBMISSION,CROISSANTS,SEASHELLS,4275,55
71900,,SUBMISSION,JAMS,SEASHELLS,6527,100
71900,,SUBMISSION,KELP,SEASHELLS,2036,1
71900,,SUBMISSION,PICNIC_BASKET1,SEASHELLS,58680,2
72000,SUBMISSION,,KELP,SEASHELLS,2035,2
72000,,,DJEMBES,SEASHELLS,13385,1
72100,SUBMISSION,,SQUID_INK,SEASHELLS,1843,1
72100,,,PICNIC_BASKET1,SEASHELLS,58673,8
72100,,,PICNIC_BASKET2,SEASHELLS,30269,8
72200,,,KELP,SEASHELLS,2034,1
72200,,,SQUID_INK,SEASHELLS,1844,1
72200,,,SQUID_INK,SEASHELLS,1847,14
72300,,SUBMISSION,DJEMBES,SEASHELLS,13385,22
72300,,SUBMISSION,DJEMBES,SEASHELLS,13385,37
72300,SUBMISSION,,RAINFOREST_RESIN,SEASHELLS,9998,1
72400,,SUBMISSION,DJEMBES,SEASHELLS,13385,30
72400,,SUBMISSION,KELP,SEASHELLS,2035,2
72400,SUBMISSION,,PICNIC_BASKET1,SEASHELLS,58673,7
72400,SUBMISSION,,PICNIC_BASKET2,SEASHELLS,30268,7
72400,,SUBMISSION,RAINFOREST_RESIN,SEASHELLS,10000,2
72400,,,CROISSANTS,SEASHELLS,4274,5
72400,,,KELP,SEASHELLS,2037,6
72400,,,SQUID_INK,SEASHELLS,1846,6
72500,SUBMISSION,,JAMS,SEASHELLS,6526,76
72500,SUBMISSION,,JAMS,SEASHELLS,6526,105
72500,,,KELP,SEASHELLS,2033,2
72500,,,RAINFOREST_RESIN,SEASHELLS,9995,2
72500,,,SQUID_INK,SEASHELLS,1843,2
72600,,SUBMISSION,PICNIC_BASKET1,SEASHELLS,58686,2
72600,,SUBMISSION,PICNIC_BASKET2,SEASHELLS,30271,2
72600,,,CROISSANTS,SEASHELLS,4274,7
72600,,,DJEMBES,SEASHELLS,13386,4
72600,,,JAMS,SEASHELLS,6525,12
72700,SUBMISSION,,DJEMBES,SEASHELLS,13385,18
72700,,SUBMISSION,PICNIC_BASKET2,SEASHELLS,30272,2
72700,,,JAMS,SEASHELLS,6526,7
72700,,,PICNIC_BASKET1,SEASHELLS,58675,2
72700,,,PICNIC_BASKET2,SEASHELLS,30271,8
72800,,SUBMISSION,SQUID_INK,SEASHELLS,1846,1
72800,,,KELP,SEASHELLS,2037,2
72800,,,RAINFOREST_RESIN,SEASHELLS,10002,2
72800,,,SQUID_INK,SEASHELLS,1849,2
72900,SUBMISSION,,KELP,SEASHELLS,2034,1
72900,SUBMISSION,,PICNIC_BASKET1,SEASHELLS,58676,1
72900,,,SQUID_INK,SEASHELLS,1844,1
73000,,SUBMISSION,JAMS,SEASHELLS,6526,61
73100,SUBMISSION,,DJEMBES,SEASHELLS,13384,17
73100,SUBMISSION,,DJEMBES,SEASHELLS,13384,30
73100,,,JAMS,SEASHELLS,6526,8
73300,,SUBMISSION,CROISSANTS,SEASHELLS,4275,54
73300,,SUBMISSION,CROISSANTS,SEASHELLS,4275,71
73300,,SUBMISSION,PICNIC_BASKET1,SEASHELLS,58675,11
73400,,SUBMISSION,CROISSANTS,SEASHELLS,4275,11
73400,SUBMISSION,,SQUID_INK,SEASHELLS,1843,7
73500,SUBMISSION,,SQUID_INK,SEASHELLS,1842,28
73500,,,PICNIC_BASKET1,SEASHELLS,58674,6
73500,,,PICNIC_BASKET2,SEASHELLS,30268,6
73600,SUBMISSION,,SQUID_INK,SEASHELLS,1841,27
73600,SUBMISSION,,SQUID_INK,SEASHELLS,1841,2
73600,,,JAMS,SEASHELLS,6526,8
73700,SUBMISSION,,CROISSANTS,SEASHELLS,4275,46
73700,SUBMISSION,,DJEMBES,SEASHELLS,13383,18
73700,SUBMISSION,,PICNIC_BASKET1,SEASHELLS,58675,16
73700,,,PICNIC_BASKET1,SEASHELLS,58675,1
73700,,,PICNIC_BASKET2,SEASHELLS,30273,8
73800,,,DJEMBES,SEASHELLS,13382,4
74000,SUBMISSION,,JAMS,SEASHELLS,6526,54
74000,,,DJEMBES,SEASHELLS,13383,4
74100,SUBMISSION,,RAINFOREST_RESIN,SEASHELLS,9998,1
74100,,,KELP,SEASHELLS,2037,8
74100,,,SQUID_INK,SEASHELLS,1840,8
74200,SUBMISSION,,DJEMBES,SEASHELLS,13382,6
74200,SUBMISSION,,PICNIC_BASKET2,SEASHELLS,30270,18
74200,SUBMISSION,,PICNIC_BASKET2,SEASHELLS,30270,1
