timestamp,buyer,seller,symbol,currency,price,quantity
0,,,CROISSANTS,SEASHELLS,4265,8
0,,,JAMS,SEASHELLS,6519,6
100,,SUBMISSION,KELP,SEASHELLS,2046,7
100,,SUBMISSION,SQUID_INK,SEASHELLS,1802,7
100,,SUBMISSION,SQUID_INK,SEASHELLS,1801,4
200,,SUBMISSION,VOLCANIC_ROCK,SEASHELLS,10221,135
200,,SUBMISSION,VOLCANIC_ROCK,SEASHELLS,10220,57
200,,SUBMISSION,VOLCANIC_ROCK_VOUCHER_10000,SEASHELLS,235,14
200,,SUBMISSION,VOLCANIC_ROCK_VOUCHER_10250,SEASHELLS,64,14
200,,SUBMISSION,VOLCANIC_ROCK_VOUCHER_10500,SEASHELLS,9,14
200,,SUBMISSION,VOLCANIC_ROCK_VOUCHER_9500,SEASHELLS,722,14
200,,SUBMISSION,VOLCANIC_ROCK_VOUCHER_9750,SEASHELLS,473,14
200,,,DJEMBES,SEASHELLS,13420,2
300,,SUBMISSION,VOLCANIC_ROCK,SEASHELLS,10222,138
300,,SUBMISSION,VOLCANIC_ROCK,SEASHELLS,10222,43
300,,SUBMISSION,VOLCANIC_ROCK_VOUCHER_10000,SEASHELLS,235,19
300,,SUBMISSION,VOLCANIC_ROCK_VOUCHER_10000,SEASHELLS,235,1
300,,SUBMISSION,VOLCANIC_ROCK_VOUCHER_10250,SEASHELLS,65,19
300,,SUBMISSION,VOLCANIC_ROCK_VOUCHER_10250,SEASHELLS,65,1
300,,SUBMISSION,VOLCANIC_ROCK_VOUCHER_9500,SEASHELLS,723,19
300,,SUBMISSION,VOLCANIC_ROCK_VOUCHER_9500,SEASHELLS,723,1
300,,SUBMISSION,VOLCANIC_ROCK_VOUCHER_9750,SEASHELLS,474,19
300,,SUBMISSION,VOLCANIC_ROCK_VOUCHER_9750,SEASHELLS,474,1
300,,,JAMS,SEASHELLS,6520,10
400,,SUBMISSION,CROISSANTS,SEASHELLS,4266,47
400,SUBMISSION,,VOLCANIC_ROCK,SEASHELLS,10218,128
400,SUBMISSION,,VOLCANIC_ROCK,SEASHELLS,10219,44
400,SUBMISSION,,VOLCANIC_ROCK_VOUCHER_10250,SEASHELLS,63,19
400,SUBMISSION,,VOLCANIC_ROCK_VOUCHER_9500,SEASHELLS,718,19
400,SUBMISSION,,VOLCANIC_ROCK_VOUCHER_9750,SEASHELLS,469,19
400,,,CROISSANTS,SEASHELLS,4267,5
500,SUBMISSION,,VOLCANIC_ROCK,SEASHELLS,10217,143
500,SUBMISSION,,VOLCANIC_ROCK,SEASHELLS,10218,63
500,SUBMISSION,,VOLCANIC_ROCK_VOUCHER_10000,SEASHELLS,230,16
500,SUBMISSION,,VOLCANIC_ROCK_VOUCHER_10250,SEASHELLS,63,16
500,SUBMISSION,,VOLCANIC_ROCK_VOUCHER_9500,SEASHELLS,718,16
500,SUBMISSION,,VOLCANIC_ROCK_VOUCHER_9750,SEASHELLS,469,16
600,SUBMISSION,,PICNIC_BASKET1,SEASHELLS,58712,20
600,SUBMISSION,,PICNIC_BASKET1,SEASHELLS,58713,21
600,,SUBMISSION,PICNIC_BASKET2,SEASHELLS,30098,4
600,SUBMISSION,,VOLCANIC_ROCK,SEASHELLS,10216,133
600,SUBMISSION,,VOLCANIC_ROCK,SEASHELLS,10217,59
600,SUBMISSION,,VOLCANIC_ROCK_VOUCHER_10000,SEASHELLS,230,20
600,SUBMISSION,,VOLCANIC_ROCK_VOUCHER_10250,SEASHELLS,63,20
600,SUBMISSION,,VOLCANIC_ROCK_VOUCHER_9500,SEASHELLS,716,20
600,SUBMISSION,,VOLCANIC_ROCK_VOUCHER_9750,SEASHELLS,467,20
700,,SUBMISSION,SQUID_INK,SEASHELLS,1803,4
700,,SUBMISSION,SQUID_INK,SEASHELLS,1803,1
700,,SUBMISSION,VOLCANIC_ROCK,SEASHELLS,10219,128
700,,SUBMISSION,VOLCANIC_ROCK_VOUCHER_9500,SEASHELLS,719,18
700,,SUBMISSION,VOLCANIC_ROCK_VOUCHER_9500,SEASHELLS,719,1
700,,SUBMISSION,VOLCANIC_ROCK_VOUCHER_9750,SEASHELLS,470,18
700,,SUBMISSION,VOLCANIC_ROCK_VOUCHER_9750,SEASHELLS,470,1
800,SUBMISSION,,KELP,SEASHELLS,2044,1
800,,SUBMISSION,SQUID_INK,SEASHELLS,1804,27
800,,SUBMISSION,SQUID_INK,SEASHELLS,1804,1
800,,SUBMISSION,VOLCANIC_ROCK,SEASHELLS,10221,5
800,,SUBMISSION,VOLCANIC_ROCK,SEASHELLS,10220,129
800,,SUBMISSION,VOLCANIC_ROCK,SEASHELLS,10220,47
800,,SUBMISSION,VOLCANIC_ROCK_VOUCHER_10000,SEASHELLS,235,10
800,,SUBMISSION,VOLCANIC_ROCK_VOUCHER_10000,SEASHELLS,235,1
800,,SUBMISSION,VOLCANIC_ROCK_VOUCHER_10250,SEASHELLS,64,10
800,,SUBMISSION,VOLCANIC_ROCK_VOUCHER_10250,SEASHELLS,64,1
800,,SUBMISSION,VOLCANIC_ROCK_VOUCHER_9500,SEASHELLS,721,10
800,,SUBMISSION,VOLCANIC_ROCK_VOUCHER_9500,SEASHELLS,721,1
800,,SUBMISSION,VOLCANIC_ROCK_VOUCHER_9750,SEASHELLS,472,10
800,,SUBMISSION,VOLCANIC_ROCK_VOUCHER_9750,SEASHELLS,472,1
800,,,CROISSANTS,SEASHELLS,4266,5
800,,,KELP,SEASHELLS,2044,1
800,,,SQUID_INK,SEASHELLS,1805,1
800,,,SQUID_INK,SEASHELLS,1805,1
900,SUBMISSION,,VOLCANIC_ROCK_VOUCHER_10250,SEASHELLS,63,17
900,SUBMISSION,,VOLCANIC_ROCK_VOUCHER_10250,SEASHELLS,63,1
900,SUBMISSION,,VOLCANIC_ROCK_VOUCHER_9500,SEASHELLS,718,17
900,SUBMISSION,,VOLCANIC_ROCK_VOUCHER_9500,SEASHELLS,718,1
900,,,JAMS,SEASHELLS,6521,9
1000,,SUBMISSION,CROISSANTS,SEASHELLS,4266,63
1000,,SUBMISSION,CROISSANTS,SEASHELLS,4266,53
1000,SUBMISSION,,DJEMBES,SEASHELLS,13419,22
1000,,SUBMISSION,PICNIC_BASKET1,SEASHELLS,58719,5
1000,,SUBMISSION,PICNIC_BASKET1,SEASHELLS,58718,22
1000,,SUBMISSION,PICNIC_BASKET2,SEASHELLS,30104,22
1000,,SUBMISSION,PICNIC_BASKET2,SEASHELLS,30104,12
1000,SUBMISSION,,RAINFOREST_RESIN,SEASHELLS,9998,3
1000,SUBMISSION,,VOLCANIC_ROCK,SEASHELLS,10218,126
1000,SUBMISSION,,VOLCANIC_ROCK,SEASHELLS,10218,68
1000,SUBMISSION,,VOLCANIC_ROCK_VOUCHER_10000,SEASHELLS,231,12
1000,SUBMISSION,,VOLCANIC_ROCK_VOUCHER_10250,SEASHELLS,63,12
1000,SUBMISSION,,VOLCANIC_ROCK_VOUCHER_9500,SEASHELLS,718,12
1000,SUBMISSION,,VOLCANIC_ROCK_VOUCHER_9750,SEASHELLS,469,12
1000,,,PICNIC_BASKET1,SEASHELLS,58719,7
1100,,SUBMISSION,CROISSANTS,SEASHELLS,4266,65
1100,,SUBMISSION,CROISSANTS,SEASHELLS,4266,22
1100,SUBMISSION,,DJEMBES,SEASHELLS,13419,18
1100,,SUBMISSION,JAMS,SEASHELLS,6521,68
1100,,SUBMISSION,JAMS,SEASHELLS,6521,150
1100,SUBMISSION,,KELP,SEASHELLS,2045,4
1100,,SUBMISSION,PICNIC_BASKET1,SEASHELLS,58720,1
1100,,SUBMISSION,PICNIC_BASKET1,SEASHELLS,58719,18
1100,,SUBMISSION,PICNIC_BASKET1,SEASHELLS,58718,18
1100,,SUBMISSION,PICNIC_BASKET2,SEASHELLS,30107,18
1100,,SUBMISSION,PICNIC_BASKET2,SEASHELLS,30107,1
1100,,SUBMISSION,PICNIC_BASKET2,SEASHELLS,30107,0
1100,,SUBMISSION,PICNIC_BASKET2,SEASHELLS,30106,18
1100,,SUBMISSION,RAINFOREST_RESIN,SEASHELLS,10003,10
1100,SUBMISSION,,VOLCANIC_ROCK,SEASHELLS,10218,144
1100,SUBMISSION,,VOLCANIC_ROCK,SEASHELLS,10218,65
1100,SUBMISSION,,VOLCANIC_ROCK_VOUCHER_10000,SEASHELLS,232,18
1100,SUBMISSION,,VOLCANIC_ROCK_VOUCHER_10000,SEASHELLS,232,1
1100,SUBMISSION,,VOLCANIC_ROCK_VOUCHER_10250,SEASHELLS,63,18
1100,SUBMISSION,,VOLCANIC_ROCK_VOUCHER_10250,SEASHELLS,63,1
1100,SUBMISSION,,VOLCANIC_ROCK_VOUCHER_9500,SEASHELLS,718,18
1100,SUBMISSION,,VOLCANIC_ROCK_VOUCHER_9500,SEASHELLS,718,1
1100,SUBMISSION,,VOLCANIC_ROCK_VOUCHER_9750,SEASHELLS,469,18
1100,SUBMISSION,,VOLCANIC_ROCK_VOUCHER_9750,SEASHELLS,469,1
1100,,,JAMS,SEASHELLS,6523,5
1200,,SUBMISSION,PICNIC_BASKET1,SEASHELLS,58722,17
1200,,SUBMISSION,PICNIC_BASKET1,SEASHELLS,58722,2
1200,,SUBMISSION,PICNIC_BASKET1,SEASHELLS,58722,0
1200,,SUBMISSION,PICNIC_BASKET1,SEASHELLS,58721,18
1200,,SUBMISSION,PICNIC_BASKET2,SEASHELLS,30110,2
1200,,SUBMISSION,PICNIC_BASKET2,SEASHELLS,30109,23
1200,SUBMISSION,,VOLCANIC_ROCK,SEASHELLS,10217,109
1200,SUBMISSION,,VOLCANIC_ROCK_VOUCHER_10000,SEASHELLS,231,17
1200,SUBMISSION,,VOLCANIC_ROCK_VOUCHER_10000,SEASHELLS,231,2
1200,SUBMISSION,,VOLCANIC_ROCK_VOUCHER_9500,SEASHELLS,717,17
1200,SUBMISSION,,VOLCANIC_ROCK_VOUCHER_9500,SEASHELLS,717,2
1200,SUBMISSION,,VOLCANIC_ROCK_VOUCHER_9750,SEASHELLS,468,17
1200,SUBMISSION,,VOLCANIC_ROCK_VOUCHER_9750,SEASHELLS,468,2
1200,,,VOLCANIC_ROCK_VOUCHER_10000,SEASHELLS,230,15
1200,,,VOLCANIC_ROCK_VOUCHER_10250,SEASHELLS,62,15
1200,,,VOLCANIC_ROCK_VOUCHER_10500,SEASHELLS,8,15
1200,,,VOLCANIC_ROCK_VOUCHER_9500,SEASHELLS,716,15
1200,,,VOLCANIC_ROCK_VOUCHER_9750,SEASHELLS,467,15
1300,SUBMISSION,,DJEMBES,SEASHELLS,13417,17
1300,SUBMISSION,,DJEMBES,SEASHELLS,13417,3
1300,,SUBMISSION,JAMS,SEASHELLS,6522,83
1300,,SUBMISSION,JAMS,SEASHELLS,6522,49
1300,,SUBMISSION,RAINFOREST_RESIN,SEASHELLS,10001,1
1300,,SUBMISSION,VOLCANIC_ROCK_VOUCHER_9750,SEASHELLS,469,18
1300,,SUBMISSION,VOLCANIC_ROCK_VOUCHER_9750,SEASHELLS,469,1
1300,,,KELP,SEASHELLS,2043,1
1300,,,KELP,SEASHELLS,2043,2
1300,,,RAINFOREST_RESIN,SEASHELLS,9992,2
1300,,,SQUID_INK,SEASHELLS,1804,1
1300,,,SQUID_INK,SEASHELLS,1803,2
1400,SUBMISSION,,KELP,SEASHELLS,2044,2
1400,,SUBMISSION,RAINFOREST_RESIN,SEASHELLS,10002,4
1400,SUBMISSION,,SQUID_INK,SEASHELLS,1805,2
1400,,SUBMISSION,VOLCANIC_ROCK_VOUCHER_10250,SEASHELLS,63,16
1400,,SUBMISSION,VOLCANIC_ROCK_VOUCHER_9500,SEASHELLS,718,16
1400,,SUBMISSION,VOLCANIC_ROCK_VOUCHER_9750,SEASHELLS,469,16
1500,SUBMISSION,,KELP,SEASHELLS,2044,1
1500,,SUBMISSION,VOLCANIC_ROCK_VOUCHER_10000,SEASHELLS,231,16
1500,,SUBMISSION,VOLCANIC_ROCK_VOUCHER_10000,SEASHELLS,231,1
1500,,SUBMISSION,VOLCANIC_ROCK_VOUCHER_10250,SEASHELLS,63,16
1500,,SUBMISSION,VOLCANIC_ROCK_VOUCHER_10250,SEASHELLS,63,1
1500,,SUBMISSION,VOLCANIC_ROCK_VOUCHER_9500,SEASHELLS,718,16
1500,,SUBMISSION,VOLCANIC_ROCK_VOUCHER_9500,SEASHELLS,718,1
1500,,SUBMISSION,VOLCANIC_ROCK_VOUCHER_9750,SEASHELLS,469,16
1500,,SUBMISSION,VOLCANIC_ROCK_VOUCHER_9750,SEASHELLS,469,1
1500,,,SQUID_INK,SEASHELLS,1804,1
1600,,SUBMISSION,VOLCANIC_ROCK,SEASHELLS,10219,131
1600,,SUBMISSION,VOLCANIC_ROCK,SEASHELLS,10218,44
1600,,SUBMISSION,VOLCANIC_ROCK_VOUCHER_10000,SEASHELLS,233,16
1600,,SUBMISSION,VOLCANIC_ROCK_VOUCHER_9500,SEASHELLS,719,16
1600,,SUBMISSION,VOLCANIC_ROCK_VOUCHER_9750,SEASHELLS,471,16
1700,,SUBMISSION,DJEMBES,SEASHELLS,13416,17
1700,,SUBMISSION,DJEMBES,SEASHELLS,13416,43
1700,,SUBMISSION,RAINFOREST_RESIN,SEASHELLS,10002,4
1700,,SUBMISSION,VOLCANIC_ROCK_VOUCHER_10000,SEASHELLS,234,19
1700,SUBMISSION,,VOLCANIC_ROCK_VOUCHER_10250,SEASHELLS,63,19
1700,SUBMISSION,,VOLCANIC_ROCK_VOUCHER_9500,SEASHELLS,718,19
1700,SUBMISSION,,VOLCANIC_ROCK_VOUCHER_9750,SEASHELLS,469,19
1700,,,VOLCANIC_ROCK,SEASHELLS,10216,2
1800,,SUBMISSION,DJEMBES,SEASHELLS,13416,21
1800,,SUBMISSION,DJEMBES,SEASHELLS,13416,32
1800,,SUBMISSION,KELP,SEASHELLS,2045,2
1800,,SUBMISSION,VOLCANIC_ROCK,SEASHELLS,10219,120
1800,SUBMISSION,,VOLCANIC_ROCK_VOUCHER_10000,SEASHELLS,231,14
1800,SUBMISSION,,VOLCANIC_ROCK_VOUCHER_10000,SEASHELLS,231,1
1800,,SUBMISSION,VOLCANIC_ROCK_VOUCHER_9500,SEASHELLS,719,14
1800,,SUBMISSION,VOLCANIC_ROCK_VOUCHER_9500,SEASHELLS,719,1
1800,,SUBMISSION,VOLCANIC_ROCK_VOUCHER_9500,SEASHELLS,719,14
1800,,SUBMISSION,VOLCANIC_ROCK_VOUCHER_9750,SEASHELLS,470,14
1800,,SUBMISSION,VOLCANIC_ROCK_VOUCHER_9750,SEASHELLS,470,1
1800,,SUBMISSION,VOLCANIC_ROCK_VOUCHER_9750,SEASHELLS,470,14
1800,,,KELP,SEASHELLS,2045,3
1800,,,KELP,SEASHELLS,2043,8
1800,,,SQUID_INK,SEASHELLS,1804,3
1800,,,SQUID_INK,SEASHELLS,1804,2
1900,SUBMISSION,,JAMS,SEASHELLS,6523,79
1900,SUBMISSION,,PICNIC_BASKET1,SEASHELLS,58730,1
1900,SUBMISSION,,PICNIC_BASKET1,SEASHELLS,58731,14
1900,,SUBMISSION,RAINFOREST_RESIN,SEASHELLS,10002,4
1900,,SUBMISSION,VOLCANIC_ROCK,SEASHELLS,10224,110
1900,,SUBMISSION,VOLCANIC_ROCK,SEASHELLS,10223,59
1900,,SUBMISSION,VOLCANIC_ROCK_VOUCHER_10000,SEASHELLS,237,14
1900,,SUBMISSION,VOLCANIC_ROCK_VOUCHER_10000,SEASHELLS,237,1
1900,,SUBMISSION,VOLCANIC_ROCK_VOUCHER_10000,SEASHELLS,237,13
1900,,SUBMISSION,VOLCANIC_ROCK_VOUCHER_10250,SEASHELLS,66,14
1900,,SUBMISSION,VOLCANIC_ROCK_VOUCHER_10250,SEASHELLS,66,1
1900,,SUBMISSION,VOLCANIC_ROCK_VOUCHER_10250,SEASHELLS,66,13
1900,,SUBMISSION,VOLCANIC_ROCK_VOUCHER_10500,SEASHELLS,9,14
1900,,SUBMISSION,VOLCANIC_ROCK_VOUCHER_10500,SEASHELLS,9,1
1900,,SUBMISSION,VOLCANIC_ROCK_VOUCHER_10500,SEASHELLS,9,13
1900,,SUBMISSION,VOLCANIC_ROCK_VOUCHER_9500,SEASHELLS,724,14
1900,,SUBMISSION,VOLCANIC_ROCK_VOUCHER_9500,SEASHELLS,724,1
1900,,SUBMISSION,VOLCANIC_ROCK_VOUCHER_9500,SEASHELLS,724,13
1900,,SUBMISSION,VOLCANIC_ROCK_VOUCHER_9750,SEASHELLS,476,14
1900,,SUBMISSION,VOLCANIC_ROCK_VOUCHER_9750,SEASHELLS,476,1
1900,,SUBMISSION,VOLCANIC_ROCK_VOUCHER_9750,SEASHELLS,476,13
1900,,,VOLCANIC_ROCK,SEASHELLS,10224,9
2000,SUBMISSION,,JAMS,SEASHELLS,6522,75
2000,SUBMISSION,,JAMS,SEASHELLS,6522,188
2000,SUBMISSION,,PICNIC_BASKET1,SEASHELLS,58731,18
2000,SUBMISSION,,PICNIC_BASKET1,SEASHELLS,58731,1
2000,SUBMISSION,,PICNIC_BASKET2,SEASHELLS,30116,19
2000,SUBMISSION,,PICNIC_BASKET2,SEASHELLS,30116,18
2000,SUBMISSION,,PICNIC_BASKET2,SEASHELLS,30116,1
2000,,SUBMISSION,SQUID_INK,SEASHELLS,1805,8
2000,,SUBMISSION,VOLCANIC_ROCK,SEASHELLS,10222,121
2000,,SUBMISSION,VOLCANIC_ROCK,SEASHELLS,10222,60
2000,,SUBMISSION,VOLCANIC_ROCK_VOUCHER_10000,SEASHELLS,237,18
2000,,SUBMISSION,VOLCANIC_ROCK_VOUCHER_10000,SEASHELLS,237,1
2000,,SUBMISSION,VOLCANIC_ROCK_VOUCHER_10250,SEASHELLS,65,18
2000,,SUBMISSION,VOLCANIC_ROCK_VOUCHER_10250,SEASHELLS,65,1
2000,,SUBMISSION,VOLCANIC_ROCK_VOUCHER_10500,SEASHELLS,9,18
2000,,SUBMISSION,VOLCANIC_ROCK_VOUCHER_10500,SEASHELLS,9,1
2000,,SUBMISSION,VOLCANIC_ROCK_VOUCHER_9500,SEASHELLS,723,18
2000,,SUBMISSION,VOLCANIC_ROCK_VOUCHER_9500,SEASHELLS,723,1
2000,,SUBMISSION,VOLCANIC_ROCK_VOUCHER_9750,SEASHELLS,474,18
2000,,SUBMISSION,VOLCANIC_ROCK_VOUCHER_9750,SEASHELLS,474,1
2100,SUBMISSION,,JAMS,SEASHELLS,6522,68
2100,SUBMISSION,,JAMS,SEASHELLS,6522,148
2100,SUBMISSION,,PICNIC_BASKET2,SEASHELLS,30116,23
2100,SUBMISSION,,PICNIC_BASKET2,SEASHELLS,30116,19
2100,,SUBMISSION,VOLCANIC_ROCK,SEASHELLS,10223,143
2100,,SUBMISSION,VOLCANIC_ROCK,SEASHELLS,10223,12
2100,,SUBMISSION,VOLCANIC_ROCK_VOUCHER_10000,SEASHELLS,239,19
2100,,SUBMISSION,VOLCANIC_ROCK_VOUCHER_10250,SEASHELLS,65,19
2100,,SUBMISSION,VOLCANIC_ROCK_VOUCHER_9500,SEASHELLS,724,19
2100,,SUBMISSION,VOLCANIC_ROCK_VOUCHER_9750,SEASHELLS,475,19
2100,,,PICNIC_BASKET1,SEASHELLS,58720,9
2100,,,PICNIC_BASKET2,SEASHELLS,30110,9
2100,,,VOLCANIC_ROCK_VOUCHER_10000,SEASHELLS,240,13
2100,,,VOLCANIC_ROCK_VOUCHER_10250,SEASHELLS,66,13
2100,,,VOLCANIC_ROCK_VOUCHER_9500,SEASHELLS,725,13
2100,,,VOLCANIC_ROCK_VOUCHER_9750,SEASHELLS,476,13
2200,SUBMISSION,,JAMS,SEASHELLS,6521,99
2200,SUBMISSION,,PICNIC_BASKET1,SEASHELLS,58724,1
2200,SUBMISSION,,PICNIC_BASKET1,SEASHELLS,58725,13
2200,SUBMISSION,,PICNIC_BASKET2,SEASHELLS,30114,1
2200,,SUBMISSION,RAINFOREST_RESIN,SEASHELLS,10002,3
2200,SUBMISSION,,VOLCANIC_ROCK_VOUCHER_10000,SEASHELLS,235,13
2200,SUBMISSION,,VOLCANIC_ROCK_VOUCHER_10000,SEASHELLS,235,1
2200,,SUBMISSION,VOLCANIC_ROCK_VOUCHER_9500,SEASHELLS,724,13
2200,,SUBMISSION,VOLCANIC_ROCK_VOUCHER_9500,SEASHELLS,724,1
2200,,SUBMISSION,VOLCANIC_ROCK_VOUCHER_9750,SEASHELLS,476,13
2200,,SUBMISSION,VOLCANIC_ROCK_VOUCHER_9750,SEASHELLS,476,1
2300,SUBMISSION,,JAMS,SEASHELLS,6521,43
2300,SUBMISSION,,PICNIC_BASKET1,SEASHELLS,58722,2
2300,SUBMISSION,,PICNIC_BASKET2,SEASHELLS,30111,18
2300,SUBMISSION,,PICNIC_BASKET2,SEASHELLS,30111,2
2300,SUBMISSION,,PICNIC_BASKET2,SEASHELLS,30111,0
2300,SUBMISSION,,PICNIC_BASKET2,SEASHELLS,30112,27
2300,SUBMISSION,,VOLCANIC_ROCK_VOUCHER_10000,SEASHELLS,237,18
2300,SUBMISSION,,VOLCANIC_ROCK_VOUCHER_10000,SEASHELLS,237,2
2300,SUBMISSION,,VOLCANIC_ROCK_VOUCHER_9750,SEASHELLS,475,18
2300,SUBMISSION,,VOLCANIC_ROCK_VOUCHER_9750,SEASHELLS,475,2
2300,,,CROISSANTS,SEASHELLS,4267,10
2300,,,RAINFOREST_RESIN,SEASHELLS,10003,7
2400,SUBMISSION,,PICNIC_BASKET2,SEASHELLS,30109,1
2400,SUBMISSION,,PICNIC_BASKET2,SEASHELLS,30110,23
2400,SUBMISSION,,PICNIC_BASKET2,SEASHELLS,30110,15
2400,SUBMISSION,,VOLCANIC_ROCK,SEASHELLS,10220,124
2400,SUBMISSION,,VOLCANIC_ROCK,SEASHELLS,10221,63
2400,SUBMISSION,,VOLCANIC_ROCK_VOUCHER_10000,SEASHELLS,233,15
2400,SUBMISSION,,VOLCANIC_ROCK_VOUCHER_10000,SEASHELLS,233,1
2400,SUBMISSION,,VOLCANIC_ROCK_VOUCHER_10250,SEASHELLS,64,15
2400,SUBMISSION,,VOLCANIC_ROCK_VOUCHER_10250,SEASHELLS,64,1
2400,SUBMISSION,,VOLCANIC_ROCK_VOUCHER_10500,SEASHELLS,9,15
2400,SUBMISSION,,VOLCANIC_ROCK_VOUCHER_10500,SEASHELLS,9,1
2400,SUBMISSION,,VOLCANIC_ROCK_VOUCHER_9500,SEASHELLS,720,15
2400,SUBMISSION,,VOLCANIC_ROCK_VOUCHER_9500,SEASHELLS,720,1
2400,SUBMISSION,,VOLCANIC_ROCK_VOUCHER_9750,SEASHELLS,471,15
2400,SUBMISSION,,VOLCANIC_ROCK_VOUCHER_9750,SEASHELLS,471,1
2400,,,RAINFOREST_RESIN,SEASHELLS,10008,1
2500,SUBMISSION,,PICNIC_BASKET2,SEASHELLS,30106,14
2500,SUBMISSION,,PICNIC_BASKET2,SEASHELLS,30106,1
2500,SUBMISSION,,PICNIC_BASKET2,SEASHELLS,30106,0
2500,SUBMISSION,,PICNIC_BASKET2,SEASHELLS,30107,18
2500,SUBMISSION,,VOLCANIC_ROCK,SEASHELLS,10222,101
2500,,SUBMISSION,VOLCANIC_ROCK_VOUCHER_10000,SEASHELLS,237,14
2500,,SUBMISSION,VOLCANIC_ROCK_VOUCHER_10000,SEASHELLS,237,1
2500,SUBMISSION,,VOLCANIC_ROCK_VOUCHER_9500,SEASHELLS,722,14
2500,SUBMISSION,,VOLCANIC_ROCK_VOUCHER_9500,SEASHELLS,722,1
2500,SUBMISSION,,VOLCANIC_ROCK_VOUCHER_9750,SEASHELLS,474,14
2500,SUBMISSION,,VOLCANIC_ROCK_VOUCHER_9750,SEASHELLS,474,1
2500,,,DJEMBES,SEASHELLS,13418,5
2500,,,JAMS,SEASHELLS,6520,9
2500,,,RAINFOREST_RESIN,SEASHELLS,9992,2
2600,SUBMISSION,,CROISSANTS,SEASHELLS,4267,53
2600,,SUBMISSION,DJEMBES,SEASHELLS,13417,7
2600,SUBMISSION,,KELP,SEASHELLS,2044,1
2600,SUBMISSION,,KELP,SEASHELLS,2045,7
2600,SUBMISSION,,SQUID_INK,SEASHELLS,1804,1
2600,SUBMISSION,,SQUID_INK,SEASHELLS,1805,7
2600,SUBMISSION,,VOLCANIC_ROCK,SEASHELLS,10222,103
2600,SUBMISSION,,VOLCANIC_ROCK,SEASHELLS,10222,52
2600,,SUBMISSION,VOLCANIC_ROCK_VOUCHER_10000,SEASHELLS,237,11
2600,,SUBMISSION,VOLCANIC_ROCK_VOUCHER_10000,SEASHELLS,237,2
2600,SUBMISSION,,VOLCANIC_ROCK_VOUCHER_10500,SEASHELLS,9,11
2600,SUBMISSION,,VOLCANIC_ROCK_VOUCHER_10500,SEASHELLS,9,2
2600,SUBMISSION,,VOLCANIC_ROCK_VOUCHER_9500,SEASHELLS,722,11
2600,SUBMISSION,,VOLCANIC_ROCK_VOUCHER_9500,SEASHELLS,722,2
2600,SUBMISSION,,VOLCANIC_ROCK_VOUCHER_9750,SEASHELLS,473,11
2600,SUBMISSION,,VOLCANIC_ROCK_VOUCHER_9750,SEASHELLS,473,2
2600,,,KELP,SEASHELLS,2043,6
2600,,,KELP,SEASHELLS,2043,1
2600,,,SQUID_INK,SEASHELLS,1803,6
2600,,,SQUID_INK,SEASHELLS,1803,1
2600,,,VOLCANIC_ROCK,SEASHELLS,10220,5
2700,SUBMISSION,,VOLCANIC_ROCK,SEASHELLS,10221,149
2700,SUBMISSION,,VOLCANIC_ROCK_VOUCHER_10000,SEASHELLS,233,19
2700,SUBMISSION,,VOLCANIC_ROCK_VOUCHER_10000,SEASHELLS,233,2
2700,SUBMISSION,,VOLCANIC_ROCK_VOUCHER_9500,SEASHELLS,721,19
2700,SUBMISSION,,VOLCANIC_ROCK_VOUCHER_9500,SEASHELLS,721,2
2700,,,JAMS,SEASHELLS,6520,5
2700,,,JAMS,SEASHELLS,6522,9
2800,SUBMISSION,,CROISSANTS,SEASHELLS,4267,56
2800,SUBMISSION,,CROISSANTS,SEASHELLS,4267,71
2800,,SUBMISSION,VOLCANIC_ROCK_VOUCHER_10500,SEASHELLS,9,20
2800,,SUBMISSION,VOLCANIC_ROCK_VOUCHER_10500,SEASHELLS,9,2
2800,,SUBMISSION,VOLCANIC_ROCK_VOUCHER_9500,SEASHELLS,721,20
2800,,SUBMISSION,VOLCANIC_ROCK_VOUCHER_9500,SEASHELLS,721,2
2900,,SUBMISSION,PICNIC_BASKET1,SEASHELLS,58721,2
2900,,SUBMISSION,PICNIC_BASKET1,SEASHELLS,58720,12
2900,SUBMISSION,,RAINFOREST_RESIN,SEASHELLS,9998,5
2900,,SUBMISSION,VOLCANIC_ROCK,SEASHELLS,10222,130
2900,,SUBMISSION,VOLCANIC_ROCK,SEASHELLS,10222,42
2900,,SUBMISSION,VOLCANIC_ROCK_VOUCHER_10250,SEASHELLS,65,12
2900,,SUBMISSION,VOLCANIC_ROCK_VOUCHER_10250,SEASHELLS,65,2
2900,,SUBMISSION,VOLCANIC_ROCK_VOUCHER_9500,SEASHELLS,723,12
2900,,SUBMISSION,VOLCANIC_ROCK_VOUCHER_9500,SEASHELLS,723,2
2900,,SUBMISSION,VOLCANIC_ROCK_VOUCHER_9750,SEASHELLS,474,12
2900,,SUBMISSION,VOLCANIC_ROCK_VOUCHER_9750,SEASHELLS,474,2
2900,,,CROISSANTS,SEASHELLS,4267,9
3000,SUBMISSION,,SQUID_INK,SEASHELLS,1804,1
3000,,SUBMISSION,VOLCANIC_ROCK,SEASHELLS,10227,100
3000,,SUBMISSION,VOLCANIC_ROCK,SEASHELLS,10226,64
3000,,SUBMISSION,VOLCANIC_ROCK_VOUCHER_10000,SEASHELLS,240,11
3000,,SUBMISSION,VOLCANIC_ROCK_VOUCHER_10000,SEASHELLS,240,2
3000,,SUBMISSION,VOLCANIC_ROCK_VOUCHER_10250,SEASHELLS,67,11
3000,,SUBMISSION,VOLCANIC_ROCK_VOUCHER_10250,SEASHELLS,67,2
3000,,SUBMISSION,VOLCANIC_ROCK_VOUCHER_9500,SEASHELLS,728,11
3000,,SUBMISSION,VOLCANIC_ROCK_VOUCHER_9500,SEASHELLS,728,2
3000,,SUBMISSION,VOLCANIC_ROCK_VOUCHER_9750,SEASHELLS,479,11
3000,,SUBMISSION,VOLCANIC_ROCK_VOUCHER_9750,SEASHELLS,479,2
3000,,,KELP,SEASHELLS,2044,1
3100,,SUBMISSION,RAINFOREST_RESIN,SEASHELLS,10001,1
3100,,SUBMISSION,VOLCANIC_ROCK,SEASHELLS,10226,142
3100,,SUBMISSION,VOLCANIC_ROCK,SEASHELLS,10225,68
3100,,SUBMISSION,VOLCANIC_ROCK_VOUCHER_10000,SEASHELLS,240,19
3100,,SUBMISSION,VOLCANIC_ROCK_VOUCHER_10000,SEASHELLS,240,2
3100,,SUBMISSION,VOLCANIC_ROCK_VOUCHER_10250,SEASHELLS,66,19
3100,,SUBMISSION,VOLCANIC_ROCK_VOUCHER_10250,SEASHELLS,66,2
3100,,SUBMISSION,VOLCANIC_ROCK_VOUCHER_9500,SEASHELLS,726,19
3100,,SUBMISSION,VOLCANIC_ROCK_VOUCHER_9500,SEASHELLS,726,2
3100,,SUBMISSION,VOLCANIC_ROCK_VOUCHER_9750,SEASHELLS,477,19
3100,,SUBMISSION,VOLCANIC_ROCK_VOUCHER_9750,SEASHELLS,477,2
3200,SUBMISSION,,KELP,SEASHELLS,2044,5
3200,SUBMISSION,,VOLCANIC_ROCK,SEASHELLS,10224,105
3200,SUBMISSION,,VOLCANIC_ROCK,SEASHELLS,10224,50
3200,SUBMISSION,,VOLCANIC_ROCK_VOUCHER_10000,SEASHELLS,235,18
3200,SUBMISSION,,VOLCANIC_ROCK_VOUCHER_9500,SEASHELLS,724,18
3200,SUBMISSION,,VOLCANIC_ROCK_VOUCHER_9750,SEASHELLS,475,18
3300,,SUBMISSION,KELP,SEASHELLS,2046,1
3300,,SUBMISSION,SQUID_INK,SEASHELLS,1807,1
3300,SUBMISSION,,VOLCANIC_ROCK_VOUCHER_10000,SEASHELLS,237,11
3300,SUBMISSION,,VOLCANIC_ROCK_VOUCHER_10250,SEASHELLS,66,11
3300,SUBMISSION,,VOLCANIC_ROCK_VOUCHER_9500,SEASHELLS,725,11
3300,SUBMISSION,,VOLCANIC_ROCK_VOUCHER_9750,SEASHELLS,476,11
3300,,,DJEMBES,SEASHELLS,13419,4
3400,,SUBMISSION,JAMS,SEASHELLS,6523,79
3400,,SUBMISSION,JAMS,SEASHELLS,6523,11
3400,,SUBMISSION,JAMS,SEASHELLS,6523,0
3400,,SUBMISSION,JAMS,SEASHELLS,6522,122
3400,SUBMISSION,,VOLCANIC_ROCK,SEASHELLS,10221,108
3400,SUBMISSION,,VOLCANIC_ROCK,SEASHELLS,10221,54
3400,SUBMISSION,,VOLCANIC_ROCK_VOUCHER_10000,SEASHELLS,235,19
3400,SUBMISSION,,VOLCANIC_ROCK_VOUCHER_10000,SEASHELLS,235,2
3400,SUBMISSION,,VOLCANIC_ROCK_VOUCHER_10250,SEASHELLS,65,19
3400,SUBMISSION,,VOLCANIC_ROCK_VOUCHER_10250,SEASHELLS,65,2
3400,SUBMISSION,,VOLCANIC_ROCK_VOUCHER_10500,SEASHELLS,9,19
3400,SUBMISSION,,VOLCANIC_ROCK_VOUCHER_10500,SEASHELLS,9,2
3400,SUBMISSION,,VOLCANIC_ROCK_VOUCHER_9500,SEASHELLS,721,19
3400,SUBMISSION,,VOLCANIC_ROCK_VOUCHER_9500,SEASHELLS,721,2
3400,SUBMISSION,,VOLCANIC_ROCK_VOUCHER_9750,SEASHELLS,472,19
3400,SUBMISSION,,VOLCANIC_ROCK_VOUCHER_9750,SEASHELLS,472,2
3500,,SUBMISSION,JAMS,SEASHELLS,6523,88
3500,,SUBMISSION,JAMS,SEASHELLS,6523,144
3500,SUBMISSION,,VOLCANIC_ROCK_VOUCHER_10000,SEASHELLS,235,11
3500,SUBMISSION,,VOLCANIC_ROCK_VOUCHER_10250,SEASHELLS,65,11
3500,SUBMISSION,,VOLCANIC_ROCK_VOUCHER_9500,SEASHELLS,723,11
3500,SUBMISSION,,VOLCANIC_ROCK_VOUCHER_9750,SEASHELLS,474,11
3600,,SUBMISSION,JAMS,SEASHELLS,6523,70
3600,SUBMISSION,,VOLCANIC_ROCK_VOUCHER_9500,SEASHELLS,722,10
3600,SUBMISSION,,VOLCANIC_ROCK_VOUCHER_9750,SEASHELLS,473,10
3700,,SUBMISSION,VOLCANIC_ROCK_VOUCHER_10000,SEASHELLS,236,12
3700,SUBMISSION,,VOLCANIC_ROCK_VOUCHER_9500,SEASHELLS,722,12
3700,SUBMISSION,,VOLCANIC_ROCK_VOUCHER_9750,SEASHELLS,473,12
3700,,,KELP,SEASHELLS,2043,1
3700,,,SQUID_INK,SEASHELLS,1806,1
3800,SUBMISSION,,PICNIC_BASKET1,SEASHELLS,58717,28
3800,SUBMISSION,,PICNIC_BASKET1,SEASHELLS,58717,15
3800,SUBMISSION,,VOLCANIC_ROCK,SEASHELLS,10218,147
3800,SUBMISSION,,VOLCANIC_ROCK,SEASHELLS,10219,42
3800,SUBMISSION,,VOLCANIC_ROCK_VOUCHER_10000,SEASHELLS,234,15
3800,SUBMISSION,,VOLCANIC_ROCK_VOUCHER_10250,SEASHELLS,63,15
3800,SUBMISSION,,VOLCANIC_ROCK_VOUCHER_10500,SEASHELLS,9,15
3800,SUBMISSION,,VOLCANIC_ROCK_VOUCHER_9500,SEASHELLS,719,15
3800,SUBMISSION,,VOLCANIC_ROCK_VOUCHER_9750,SEASHELLS,470,15
3800,,,KELP,SEASHELLS,2047,2
3800,,,SQUID_INK,SEASHELLS,1809,2
3900,SUBMISSION,,KELP,SEASHELLS,2044,1
3900,SUBMISSION,,SQUID_INK,SEASHELLS,1806,1
3900,SUBMISSION,,VOLCANIC_ROCK,SEASHELLS,10218,138
3900,SUBMISSION,,VOLCANIC_ROCK,SEASHELLS,10219,59
3900,SUBMISSION,,VOLCANIC_ROCK_VOUCHER_10000,SEASHELLS,234,11
3900,SUBMISSION,,VOLCANIC_ROCK_VOUCHER_10000,SEASHELLS,234,1
3900,SUBMISSION,,VOLCANIC_ROCK_VOUCHER_10500,SEASHELLS,9,11
3900,SUBMISSION,,VOLCANIC_ROCK_VOUCHER_10500,SEASHELLS,9,1
3900,SUBMISSION,,VOLCANIC_ROCK_VOUCHER_9500,SEASHELLS,719,11
3900,SUBMISSION,,VOLCANIC_ROCK_VOUCHER_9500,SEASHELLS,719,1
3900,SUBMISSION,,VOLCANIC_ROCK_VOUCHER_9750,SEASHELLS,470,11
3900,SUBMISSION,,VOLCANIC_ROCK_VOUCHER_9750,SEASHELLS,470,1
3900,,,KELP,SEASHELLS,2045,1
3900,,,SQUID_INK,SEASHELLS,1807,1
4000,SUBMISSION,,VOLCANIC_ROCK,SEASHELLS,10219,51
4000,SUBMISSION,,VOLCANIC_ROCK_VOUCHER_10000,SEASHELLS,232,10
4000,SUBMISSION,,VOLCANIC_ROCK_VOUCHER_10000,SEASHELLS,232,1
4000,SUBMISSION,,VOLCANIC_ROCK_VOUCHER_9500,SEASHELLS,719,10
4000,SUBMISSION,,VOLCANIC_ROCK_VOUCHER_9500,SEASHELLS,719,1
4000,SUBMISSION,,VOLCANIC_ROCK_VOUCHER_9750,SEASHELLS,470,10
4000,SUBMISSION,,VOLCANIC_ROCK_VOUCHER_9750,SEASHELLS,470,1
4100,SUBMISSION,,VOLCANIC_ROCK_VOUCHER_10000,SEASHELLS,233,10
4100,SUBMISSION,,VOLCANIC_ROCK_VOUCHER_10000,SEASHELLS,233,2
4100,SUBMISSION,,VOLCANIC_ROCK_VOUCHER_10250,SEASHELLS,63,12
4100,SUBMISSION,,VOLCANIC_ROCK_VOUCHER_9500,SEASHELLS,718,10
4100,SUBMISSION,,VOLCANIC_ROCK_VOUCHER_9500,SEASHELLS,718,2
4100,SUBMISSION,,VOLCANIC_ROCK_VOUCHER_9750,SEASHELLS,469,10
4100,SUBMISSION,,VOLCANIC_ROCK_VOUCHER_9750,SEASHELLS,469,2
4100,,,KELP,SEASHELLS,2045,3
4100,,,SQUID_INK,SEASHELLS,1807,3
4100,,,SQUID_INK,SEASHELLS,1807,1
4100,,,VOLCANIC_ROCK_VOUCHER_10000,SEASHELLS,232,10
4100,,,VOLCANIC_ROCK_VOUCHER_10000,SEASHELLS,232,2
4100,,,VOLCANIC_ROCK_VOUCHER_10500,SEASHELLS,8,10
4100,,,VOLCANIC_ROCK_VOUCHER_10500,SEASHELLS,8,2
4100,,,VOLCANIC_ROCK_VOUCHER_9500,SEASHELLS,717,10
4100,,,VOLCANIC_ROCK_VOUCHER_9500,SEASHELLS,717,2
4100,,,VOLCANIC_ROCK_VOUCHER_9750,SEASHELLS,468,10
4100,,,VOLCANIC_ROCK_VOUCHER_9750,SEASHELLS,468,2
4200,,SUBMISSION,PICNIC_BASKET1,SEASHELLS,58718,2
4200,,SUBMISSION,PICNIC_BASKET1,SEASHELLS,58717,11
4200,SUBMISSION,,SQUID_INK,SEASHELLS,1805,27
4200,SUBMISSION,,SQUID_INK,SEASHELLS,1805,2
4200,SUBMISSION,,VOLCANIC_ROCK_VOUCHER_10000,SEASHELLS,228,11
4200,SUBMISSION,,VOLCANIC_ROCK_VOUCHER_10000,SEASHELLS,228,2
4200,SUBMISSION,,VOLCANIC_ROCK_VOUCHER_10250,SEASHELLS,62,11
4200,SUBMISSION,,VOLCANIC_ROCK_VOUCHER_10250,SEASHELLS,62,2
4200,SUBMISSION,,VOLCANIC_ROCK_VOUCHER_9500,SEASHELLS,715,11
4200,SUBMISSION,,VOLCANIC_ROCK_VOUCHER_9500,SEASHELLS,715,2
4200,SUBMISSION,,VOLCANIC_ROCK_VOUCHER_9750,SEASHELLS,466,11
4200,SUBMISSION,,VOLCANIC_ROCK_VOUCHER_9750,SEASHELLS,466,2
4300,SUBMISSION,,SQUID_INK,SEASHELLS,1803,8
4300,SUBMISSION,,SQUID_INK,SEASHELLS,1804,21
4300,SUBMISSION,,SQUID_INK,SEASHELLS,1804,1
4300,SUBMISSION,,VOLCANIC_ROCK_VOUCHER_10000,SEASHELLS,227,13
4300,SUBMISSION,,VOLCANIC_ROCK_VOUCHER_10000,SEASHELLS,227,1
4300,SUBMISSION,,VOLCANIC_ROCK_VOUCHER_10250,SEASHELLS,62,13
4300,SUBMISSION,,VOLCANIC_ROCK_VOUCHER_10250,SEASHELLS,62,1
4300,SUBMISSION,,VOLCANIC_ROCK_VOUCHER_9500,SEASHELLS,715,13
4300,SUBMISSION,,VOLCANIC_ROCK_VOUCHER_9500,SEASHELLS,715,1
4300,SUBMISSION,,VOLCANIC_ROCK_VOUCHER_9750,SEASHELLS,466,13
4300,SUBMISSION,,VOLCANIC_ROCK_VOUCHER_9750,SEASHELLS,466,1
4300,,,KELP,SEASHELLS,2044,4
4300,,,KELP,SEASHELLS,2044,1
4300,,,SQUID_INK,SEASHELLS,1801,4
4300,,,SQUID_INK,SEASHELLS,1801,1
4400,,SUBMISSION,VOLCANIC_ROCK_VOUCHER_10000,SEASHELLS,230,18
4400,,SUBMISSION,VOLCANIC_ROCK_VOUCHER_10000,SEASHELLS,230,2
4500,,SUBMISSION,VOLCANIC_ROCK_VOUCHER_10000,SEASHELLS,231,10
4500,,SUBMISSION,VOLCANIC_ROCK_VOUCHER_10000,SEASHELLS,231,1
4500,,SUBMISSION,VOLCANIC_ROCK_VOUCHER_9750,SEASHELLS,467,10
4500,,SUBMISSION,VOLCANIC_ROCK_VOUCHER_9750,SEASHELLS,467,1
4500,,,KELP,SEASHELLS,2044,1
4500,,,SQUID_INK,SEASHELLS,1801,1
4600,,,CROISSANTS,SEASHELLS,4268,8
4600,,,RAINFOREST_RESIN,SEASHELLS,10008,8
4700,SUBMISSION,,DJEMBES,SEASHELLS,13423,23
4700,SUBMISSION,,DJEMBES,SEASHELLS,13423,34
4700,SUBMISSION,,JAMS,SEASHELLS,6523,6
4700,SUBMISSION,,VOLCANIC_ROCK_VOUCHER_10000,SEASHELLS,229,19
4700,SUBMISSION,,VOLCANIC_ROCK_VOUCHER_10000,SEASHELLS,229,2
4700,SUBMISSION,,VOLCANIC_ROCK_VOUCHER_9500,SEASHELLS,715,19
4700,SUBMISSION,,VOLCANIC_ROCK_VOUCHER_9500,SEASHELLS,715,2
4700,SUBMISSION,,VOLCANIC_ROCK_VOUCHER_9750,SEASHELLS,466,19
4700,SUBMISSION,,VOLCANIC_ROCK_VOUCHER_9750,SEASHELLS,466,2
4800,SUBMISSION,,DJEMBES,SEASHELLS,13423,28
4800,SUBMISSION,,DJEMBES,SEASHELLS,13423,35
4800,,SUBMISSION,VOLCANIC_ROCK_VOUCHER_10000,SEASHELLS,231,17
4800,,SUBMISSION,VOLCANIC_ROCK_VOUCHER_10000,SEASHELLS,231,1
4800,,SUBMISSION,VOLCANIC_ROCK_VOUCHER_9500,SEASHELLS,716,17
4800,,SUBMISSION,VOLCANIC_ROCK_VOUCHER_9500,SEASHELLS,716,1
4800,,SUBMISSION,VOLCANIC_ROCK_VOUCHER_9750,SEASHELLS,467,1
4900,,SUBMISSION,RAINFOREST_RESIN,SEASHELLS,10001,1
4900,,SUBMISSION,VOLCANIC_ROCK_VOUCHER_9500,SEASHELLS,716,13
4900,,SUBMISSION,VOLCANIC_ROCK_VOUCHER_9500,SEASHELLS,716,2
4900,,,CROISSANTS,SEASHELLS,4267,5
5000,,SUBMISSION,KELP,SEASHELLS,2046,1
5000,,SUBMISSION,RAINFOREST_RESIN,SEASHELLS,10002,4
5000,,SUBMISSION,SQUID_INK,SEASHELLS,1805,1
5000,,SUBMISSION,SQUID_INK,SEASHELLS,1804,6
5000,SUBMISSION,,VOLCANIC_ROCK_VOUCHER_10000,SEASHELLS,228,14
5000,,SUBMISSION,VOLCANIC_ROCK_VOUCHER_9500,SEASHELLS,716,14
5100,SUBMISSION,,SQUID_INK,SEASHELLS,1804,8
5100,,SUBMISSION,VOLCANIC_ROCK_VOUCHER_10000,SEASHELLS,230,14
5100,,,KELP,SEASHELLS,2044,8
5100,,,RAINFOREST_RESIN,SEASHELLS,10000,2
5200,SUBMISSION,,RAINFOREST_RESIN,SEASHELLS,9998,3
5200,,SUBMISSION,SQUID_INK,SEASHELLS,1805,5
5200,,SUBMISSION,VOLCANIC_ROCK,SEASHELLS,10217,145
5200,,SUBMISSION,VOLCANIC_ROCK_VOUCHER_10000,SEASHELLS,230,14
5200,,SUBMISSION,VOLCANIC_ROCK_VOUCHER_10250,SEASHELLS,63,14
5200,,SUBMISSION,VOLCANIC_ROCK_VOUCHER_9500,SEASHELLS,717,14
5200,,SUBMISSION,VOLCANIC_ROCK_VOUCHER_9750,SEASHELLS,468,14
5300,SUBMISSION,,PICNIC_BASKET1,SEASHELLS,58715,1
5300,SUBMISSION,,PICNIC_BASKET1,SEASHELLS,58716,19
5300,SUBMISSION,,PICNIC_BASKET1,SEASHELLS,58717,29
5300,,SUBMISSION,VOLCANIC_ROCK,SEASHELLS,10217,110
5300,,SUBMISSION,VOLCANIC_ROCK_VOUCHER_10000,SEASHELLS,233,19
5300,,SUBMISSION,VOLCANIC_ROCK_VOUCHER_10000,SEASHELLS,233,1
5300,,SUBMISSION,VOLCANIC_ROCK_VOUCHER_10250,SEASHELLS,63,19
5300,,SUBMISSION,VOLCANIC_ROCK_VOUCHER_10250,SEASHELLS,63,1
5300,,SUBMISSION,VOLCANIC_ROCK_VOUCHER_9500,SEASHELLS,718,19
5300,,SUBMISSION,VOLCANIC_ROCK_VOUCHER_9500,SEASHELLS,718,1
5300,,SUBMISSION,VOLCANIC_ROCK_VOUCHER_9750,SEASHELLS,469,19
5300,,SUBMISSION,VOLCANIC_ROCK_VOUCHER_9750,SEASHELLS,469,1
5300,,,KELP,SEASHELLS,2044,7
5300,,,RAINFOREST_RESIN,SEASHELLS,9992,7
5300,,,SQUID_INK,SEASHELLS,1804,7
5400,,SUBMISSION,VOLCANIC_ROCK,SEASHELLS,10220,103
5400,,SUBMISSION,VOLCANIC_ROCK,SEASHELLS,10219,46
5400,,SUBMISSION,VOLCANIC_ROCK_VOUCHER_10000,SEASHELLS,237,15
5400,,SUBMISSION,VOLCANIC_ROCK_VOUCHER_10250,SEASHELLS,64,15
5400,,SUBMISSION,VOLCANIC_ROCK_VOUCHER_9500,SEASHELLS,720,15
5400,,SUBMISSION,VOLCANIC_ROCK_VOUCHER_9750,SEASHELLS,471,15
5500,,SUBMISSION,VOLCANIC_ROCK,SEASHELLS,10221,129
5500,,SUBMISSION,VOLCANIC_ROCK,SEASHELLS,10220,57
5500,,SUBMISSION,VOLCANIC_ROCK_VOUCHER_10000,SEASHELLS,238,17
5500,,SUBMISSION,VOLCANIC_ROCK_VOUCHER_10000,SEASHELLS,238,1
5500,,SUBMISSION,VOLCANIC_ROCK_VOUCHER_10250,SEASHELLS,64,17
5500,,SUBMISSION,VOLCANIC_ROCK_VOUCHER_10250,SEASHELLS,64,1
5500,,SUBMISSION,VOLCANIC_ROCK_VOUCHER_10500,SEASHELLS,9,17
5500,,SUBMISSION,VOLCANIC_ROCK_VOUCHER_10500,SEASHELLS,9,1
5500,,SUBMISSION,VOLCANIC_ROCK_VOUCHER_9500,SEASHELLS,721,17
5500,,SUBMISSION,VOLCANIC_ROCK_VOUCHER_9500,SEASHELLS,721,1
5500,,SUBMISSION,VOLCANIC_ROCK_VOUCHER_9750,SEASHELLS,472,17
5500,,SUBMISSION,VOLCANIC_ROCK_VOUCHER_9750,SEASHELLS,472,1
5600,,SUBMISSION,VOLCANIC_ROCK,SEASHELLS,10221,113
5600,,SUBMISSION,VOLCANIC_ROCK,SEASHELLS,10220,80
5600,,SUBMISSION,VOLCANIC_ROCK_VOUCHER_10500,SEASHELLS,9,15
5600,,SUBMISSION,VOLCANIC_ROCK_VOUCHER_9500,SEASHELLS,722,15
5600,,SUBMISSION,VOLCANIC_ROCK_VOUCHER_9750,SEASHELLS,473,15
5700,SUBMISSION,,CROISSANTS,SEASHELLS,4267,39
5700,,SUBMISSION,VOLCANIC_ROCK,SEASHELLS,10221,17
5700,SUBMISSION,,VOLCANIC_ROCK_VOUCHER_10000,SEASHELLS,235,15
5700,SUBMISSION,,VOLCANIC_ROCK_VOUCHER_10000,SEASHELLS,235,1
5700,,SUBMISSION,VOLCANIC_ROCK_VOUCHER_9500,SEASHELLS,721,15
5700,,SUBMISSION,VOLCANIC_ROCK_VOUCHER_9500,SEASHELLS,721,1
5700,,SUBMISSION,VOLCANIC_ROCK_VOUCHER_9750,SEASHELLS,473,15
5700,,SUBMISSION,VOLCANIC_ROCK_VOUCHER_9750,SEASHELLS,473,1
5700,,,JAMS,SEASHELLS,6522,7
5700,,,KELP,SEASHELLS,2044,2
5700,,,SQUID_INK,SEASHELLS,1805,2
5800,,,RAINFOREST_RESIN,SEASHELLS,9992,6
5900,SUBMISSION,,CROISSANTS,SEASHELLS,4267,64
5900,SUBMISSION,,VOLCANIC_ROCK_VOUCHER_10000,SEASHELLS,235,15
5900,,SUBMISSION,VOLCANIC_ROCK_VOUCHER_10250,SEASHELLS,65,15
5900,,SUBMISSION,VOLCANIC_ROCK_VOUCHER_9500,SEASHELLS,723,15
5900,,SUBMISSION,VOLCANIC_ROCK_VOUCHER_9750,SEASHELLS,474,15
5900,,,VOLCANIC_ROCK,SEASHELLS,10222,5
6000,,SUBMISSION,JAMS,SEASHELLS,6524,88
6000,,SUBMISSION,PICNIC_BASKET1,SEASHELLS,58716,2
6000,,SUBMISSION,PICNIC_BASKET1,SEASHELLS,58715,16
6000,,SUBMISSION,PICNIC_BASKET1,SEASHELLS,58715,14
6000,,SUBMISSION,VOLCANIC_ROCK_VOUCHER_10000,SEASHELLS,240,14
6000,,SUBMISSION,VOLCANIC_ROCK_VOUCHER_10000,SEASHELLS,240,2
6000,,SUBMISSION,VOLCANIC_ROCK_VOUCHER_10250,SEASHELLS,66,14
6000,,SUBMISSION,VOLCANIC_ROCK_VOUCHER_10250,SEASHELLS,66,2
6000,,SUBMISSION,VOLCANIC_ROCK_VOUCHER_9500,SEASHELLS,724,14
6000,,SUBMISSION,VOLCANIC_ROCK_VOUCHER_9500,SEASHELLS,724,2
6000,,SUBMISSION,VOLCANIC_ROCK_VOUCHER_9750,SEASHELLS,476,14
6000,,SUBMISSION,VOLCANIC_ROCK_VOUCHER_9750,SEASHELLS,476,2
6000,,,RAINFOREST_RESIN,SEASHELLS,9992,4
6100,,SUBMISSION,JAMS,SEASHELLS,6524,73
6100,,SUBMISSION,VOLCANIC_ROCK_VOUCHER_9500,SEASHELLS,724,13
6100,,SUBMISSION,VOLCANIC_ROCK_VOUCHER_9500,SEASHELLS,724,1
6100,,SUBMISSION,VOLCANIC_ROCK_VOUCHER_9750,SEASHELLS,475,13
6100,,SUBMISSION,VOLCANIC_ROCK_VOUCHER_9750,SEASHELLS,475,1
6100,,,CROISSANTS,SEASHELLS,4266,7
6200,SUBMISSION,,CROISSANTS,SEASHELLS,4266,63
6200,,SUBMISSION,VOLCANIC_ROCK_VOUCHER_10000,SEASHELLS,239,12
6200,,SUBMISSION,VOLCANIC_ROCK_VOUCHER_10000,SEASHELLS,239,1
6200,,SUBMISSION,VOLCANIC_ROCK_VOUCHER_10250,SEASHELLS,66,12
6200,,SUBMISSION,VOLCANIC_ROCK_VOUCHER_10250,SEASHELLS,66,1
6200,,SUBMISSION,VOLCANIC_ROCK_VOUCHER_9500,SEASHELLS,726,12
6200,,SUBMISSION,VOLCANIC_ROCK_VOUCHER_9500,SEASHELLS,726,1
6200,,SUBMISSION,VOLCANIC_ROCK_VOUCHER_9750,SEASHELLS,477,12
6200,,SUBMISSION,VOLCANIC_ROCK_VOUCHER_9750,SEASHELLS,477,1
6300,SUBMISSION,,CROISSANTS,SEASHELLS,4266,52
6300,SUBMISSION,,CROISSANTS,SEASHELLS,4266,72
6300,,SUBMISSION,JAMS,SEASHELLS,6525,31
6300,,SUBMISSION,VOLCANIC_ROCK_VOUCHER_10000,SEASHELLS,242,12
6300,,SUBMISSION,VOLCANIC_ROCK_VOUCHER_10000,SEASHELLS,242,2
6300,,SUBMISSION,VOLCANIC_ROCK_VOUCHER_10250,SEASHELLS,67,12
6300,,SUBMISSION,VOLCANIC_ROCK_VOUCHER_10250,SEASHELLS,67,2
6300,,SUBMISSION,VOLCANIC_ROCK_VOUCHER_9500,SEASHELLS,728,12
6300,,SUBMISSION,VOLCANIC_ROCK_VOUCHER_9500,SEASHELLS,728,2
6300,,SUBMISSION,VOLCANIC_ROCK_VOUCHER_9750,SEASHELLS,478,12
6300,,SUBMISSION,VOLCANIC_ROCK_VOUCHER_9750,SEASHELLS,478,2
6300,,,KELP,SEASHELLS,2044,10
6300,,,KELP,SEASHELLS,2044,1
6300,,,RAINFOREST_RESIN,SEASHELLS,10008,4
6300,,,SQUID_INK,SEASHELLS,1806,10
6300,,,SQUID_INK,SEASHELLS,1806,1
6400,SUBMISSION,,CROISSANTS,SEASHELLS,4266,30
6400,SUBMISSION,,VOLCANIC_ROCK_VOUCHER_10000,SEASHELLS,239,18
6400,SUBMISSION,,VOLCANIC_ROCK_VOUCHER_10000,SEASHELLS,239,1
6400,,,KELP,SEASHELLS,2044,1
6400,,,SQUID_INK,SEASHELLS,1806,1
6500,,SUBMISSION,VOLCANIC_ROCK_VOUCHER_10000,SEASHELLS,242,18
6500,,SUBMISSION,VOLCANIC_ROCK_VOUCHER_10250,SEASHELLS,67,18
6500,,SUBMISSION,VOLCANIC_ROCK_VOUCHER_9500,SEASHELLS,728,18
6500,,SUBMISSION,VOLCANIC_ROCK_VOUCHER_9750,SEASHELLS,480,18
6600,,SUBMISSION,PICNIC_BASKET1,SEASHELLS,58719,1
6600,,SUBMISSION,PICNIC_BASKET1,SEASHELLS,58718,14
6600,SUBMISSION,,VOLCANIC_ROCK_VOUCHER_10000,SEASHELLS,239,14
6600,SUBMISSION,,VOLCANIC_ROCK_VOUCHER_10000,SEASHELLS,239,1
6600,,SUBMISSION,VOLCANIC_ROCK_VOUCHER_9500,SEASHELLS,728,14
6600,,SUBMISSION,VOLCANIC_ROCK_VOUCHER_9500,SEASHELLS,728,1
6600,,SUBMISSION,VOLCANIC_ROCK_VOUCHER_9750,SEASHELLS,479,14
6600,,SUBMISSION,VOLCANIC_ROCK_VOUCHER_9750,SEASHELLS,479,1
6600,,,CROISSANTS,SEASHELLS,4265,8
6700,,SUBMISSION,PICNIC_BASKET1,SEASHELLS,58722,15
6700,,SUBMISSION,PICNIC_BASKET1,SEASHELLS,58721,15
6700,SUBMISSION,,RAINFOREST_RESIN,SEASHELLS,9998,3
6700,SUBMISSION,,VOLCANIC_ROCK,SEASHELLS,10227,132
6700,,SUBMISSION,VOLCANIC_ROCK_VOUCHER_10000,SEASHELLS,241,15
6700,SUBMISSION,,VOLCANIC_ROCK_VOUCHER_10250,SEASHELLS,67,15
6700,SUBMISSION,,VOLCANIC_ROCK_VOUCHER_9500,SEASHELLS,727,15
6700,,,DJEMBES,SEASHELLS,13416,4
6800,,SUBMISSION,KELP,SEASHELLS,2046,5
6800,SUBMISSION,,VOLCANIC_ROCK,SEASHELLS,10226,107
6800,,SUBMISSION,VOLCANIC_ROCK_VOUCHER_10000,SEASHELLS,242,11
6800,,SUBMISSION,VOLCANIC_ROCK_VOUCHER_10000,SEASHELLS,242,2
6800,SUBMISSION,,VOLCANIC_ROCK_VOUCHER_9500,SEASHELLS,727,11
6800,SUBMISSION,,VOLCANIC_ROCK_VOUCHER_9500,SEASHELLS,727,2
6800,SUBMISSION,,VOLCANIC_ROCK_VOUCHER_9750,SEASHELLS,478,11
6800,SUBMISSION,,VOLCANIC_ROCK_VOUCHER_9750,SEASHELLS,478,2
6900,SUBMISSION,,VOLCANIC_ROCK,SEASHELLS,10225,105
6900,SUBMISSION,,VOLCANIC_ROCK,SEASHELLS,10226,60
6900,SUBMISSION,,VOLCANIC_ROCK_VOUCHER_10000,SEASHELLS,239,11
6900,SUBMISSION,,VOLCANIC_ROCK_VOUCHER_10000,SEASHELLS,239,2
6900,SUBMISSION,,VOLCANIC_ROCK_VOUCHER_9500,SEASHELLS,725,11
6900,SUBMISSION,,VOLCANIC_ROCK_VOUCHER_9500,SEASHELLS,725,2
6900,SUBMISSION,,VOLCANIC_ROCK_VOUCHER_9750,SEASHELLS,477,11
6900,SUBMISSION,,VOLCANIC_ROCK_VOUCHER_9750,SEASHELLS,477,2
6900,,,CROISSANTS,SEASHELLS,4265,7
6900,,,RAINFOREST_RESIN,SEASHELLS,10008,1
7000,SUBMISSION,,VOLCANIC_ROCK,SEASHELLS,10225,112
7000,SUBMISSION,,VOLCANIC_ROCK_VOUCHER_9500,SEASHELLS,726,17
7000,SUBMISSION,,VOLCANIC_ROCK_VOUCHER_9500,SEASHELLS,726,2
7000,SUBMISSION,,VOLCANIC_ROCK_VOUCHER_9750,SEASHELLS,477,17
7000,SUBMISSION,,VOLCANIC_ROCK_VOUCHER_9750,SEASHELLS,477,2
7100,,SUBMISSION,CROISSANTS,SEASHELLS,4266,53
7100,,SUBMISSION,CROISSANTS,SEASHELLS,4266,54
7100,,SUBMISSION,DJEMBES,SEASHELLS,13417,25
7100,,SUBMISSION,DJEMBES,SEASHELLS,13417,34
7100,,SUBMISSION,PICNIC_BASKET1,SEASHELLS,58735,6
7100,,SUBMISSION,PICNIC_BASKET1,SEASHELLS,58731,2
7100,,SUBMISSION,PICNIC_BASKET1,SEASHELLS,58730,10
7100,,SUBMISSION,PICNIC_BASKET2,SEASHELLS,30093,6
7100,,SUBMISSION,PICNIC_BASKET2,SEASHELLS,30091,2
7100,,SUBMISSION,PICNIC_BASKET2,SEASHELLS,30090,25
7100,,SUBMISSION,PICNIC_BASKET2,SEASHELLS,30090,10
7100,,SUBMISSION,VOLCANIC_ROCK_VOUCHER_9500,SEASHELLS,726,10
7100,,SUBMISSION,VOLCANIC_ROCK_VOUCHER_9500,SEASHELLS,726,2
7100,,SUBMISSION,VOLCANIC_ROCK_VOUCHER_9500,SEASHELLS,726,7
7200,,SUBMISSION,CROISSANTS,SEASHELLS,4267,59
7200,,SUBMISSION,CROISSANTS,SEASHELLS,4267,94
7200,,SUBMISSION,PICNIC_BASKET1,SEASHELLS,58733,1
7200,,SUBMISSION,PICNIC_BASKET1,SEASHELLS,58732,19
7200,,SUBMISSION,PICNIC_BASKET2,SEASHELLS,30092,1
7200,,SUBMISSION,PICNIC_BASKET2,SEASHELLS,30091,30
7200,,SUBMISSION,PICNIC_BASKET2,SEASHELLS,30091,11
7200,,SUBMISSION,SQUID_INK,SEASHELLS,1808,1
7200,,SUBMISSION,VOLCANIC_ROCK,SEASHELLS,10228,141
7200,,SUBMISSION,VOLCANIC_ROCK,SEASHELLS,10227,47
7200,SUBMISSION,,VOLCANIC_ROCK_VOUCHER_10000,SEASHELLS,240,11
7200,SUBMISSION,,VOLCANIC_ROCK_VOUCHER_10000,SEASHELLS,240,1
7200,,SUBMISSION,VOLCANIC_ROCK_VOUCHER_10250,SEASHELLS,67,11
7200,,SUBMISSION,VOLCANIC_ROCK_VOUCHER_10250,SEASHELLS,67,1
7200,,SUBMISSION,VOLCANIC_ROCK_VOUCHER_9500,SEASHELLS,728,11
7200,,SUBMISSION,VOLCANIC_ROCK_VOUCHER_9500,SEASHELLS,728,1
7200,,SUBMISSION,VOLCANIC_ROCK_VOUCHER_9750,SEASHELLS,479,11
7200,,SUBMISSION,VOLCANIC_ROCK_VOUCHER_9750,SEASHELLS,479,1
7200,,,CROISSANTS,SEASHELLS,4267,4
7300,,SUBMISSION,CROISSANTS,SEASHELLS,4268,42
7300,,SUBMISSION,CROISSANTS,SEASHELLS,4267,54
7300,SUBMISSION,,DJEMBES,SEASHELLS,13416,27
7300,SUBMISSION,,DJEMBES,SEASHELLS,13416,32
7300,,SUBMISSION,PICNIC_BASKET2,SEASHELLS,30093,27
7300,,SUBMISSION,PICNIC_BASKET2,SEASHELLS,30093,17
7300,,SUBMISSION,RAINFOREST_RESIN,SEASHELLS,10002,4
7300,,SUBMISSION,VOLCANIC_ROCK,SEASHELLS,10229,133
7300,,SUBMISSION,VOLCANIC_ROCK,SEASHELLS,10228,69
7300,,SUBMISSION,VOLCANIC_ROCK_VOUCHER_10000,SEASHELLS,240,17
7300,,SUBMISSION,VOLCANIC_ROCK_VOUCHER_10000,SEASHELLS,240,12
7300,,SUBMISSION,VOLCANIC_ROCK_VOUCHER_10250,SEASHELLS,68,17
7300,,SUBMISSION,VOLCANIC_ROCK_VOUCHER_10250,SEASHELLS,68,12
7300,,SUBMISSION,VOLCANIC_ROCK_VOUCHER_9500,SEASHELLS,729,17
7300,,SUBMISSION,VOLCANIC_ROCK_VOUCHER_9500,SEASHELLS,729,12
7300,,SUBMISSION,VOLCANIC_ROCK_VOUCHER_9750,SEASHELLS,480,17
7300,,SUBMISSION,VOLCANIC_ROCK_VOUCHER_9750,SEASHELLS,480,12
7400,,SUBMISSION,CROISSANTS,SEASHELLS,4268,53
7400,,SUBMISSION,PICNIC_BASKET2,SEASHELLS,30093,1
7400,,SUBMISSION,VOLCANIC_ROCK_VOUCHER_10000,SEASHELLS,241,16
7400,,SUBMISSION,VOLCANIC_ROCK_VOUCHER_10000,SEASHELLS,241,1
7500,SUBMISSION,,KELP,SEASHELLS,2045,5
7500,SUBMISSION,,PICNIC_BASKET1,SEASHELLS,58737,11
7500,SUBMISSION,,PICNIC_BASKET1,SEASHELLS,58737,2
7500,,SUBMISSION,VOLCANIC_ROCK,SEASHELLS,10229,126
7500,SUBMISSION,,VOLCANIC_ROCK_VOUCHER_10000,SEASHELLS,240,11
7500,SUBMISSION,,VOLCANIC_ROCK_VOUCHER_10000,SEASHELLS,240,2
7500,,SUBMISSION,VOLCANIC_ROCK_VOUCHER_10250,SEASHELLS,68,11
7500,,SUBMISSION,VOLCANIC_ROCK_VOUCHER_10250,SEASHELLS,68,2
7500,,SUBMISSION,VOLCANIC_ROCK_VOUCHER_9500,SEASHELLS,729,11
7500,,SUBMISSION,VOLCANIC_ROCK_VOUCHER_9500,SEASHELLS,729,2
7500,,SUBMISSION,VOLCANIC_ROCK_VOUCHER_9750,SEASHELLS,480,11
7500,,SUBMISSION,VOLCANIC_ROCK_VOUCHER_9750,SEASHELLS,480,2
7500,,,SQUID_INK,SEASHELLS,1809,5
7500,,,VOLCANIC_ROCK,SEASHELLS,10229,6
7600,SUBMISSION,,VOLCANIC_ROCK,SEASHELLS,10228,147
7600,SUBMISSION,,VOLCANIC_ROCK_VOUCHER_10000,SEASHELLS,239,18
7600,SUBMISSION,,VOLCANIC_ROCK_VOUCHER_10000,SEASHELLS,239,2
7600,SUBMISSION,,VOLCANIC_ROCK_VOUCHER_9500,SEASHELLS,728,18
7600,SUBMISSION,,VOLCANIC_ROCK_VOUCHER_9500,SEASHELLS,728,2
7600,SUBMISSION,,VOLCANIC_ROCK_VOUCHER_9750,SEASHELLS,479,18
7600,SUBMISSION,,VOLCANIC_ROCK_VOUCHER_9750,SEASHELLS,479,2
7700,SUBMISSION,,PICNIC_BASKET1,SEASHELLS,58732,2
7700,SUBMISSION,,PICNIC_BASKET1,SEASHELLS,58733,20
7700,SUBMISSION,,PICNIC_BASKET1,SEASHELLS,58734,18
7700,,SUBMISSION,VOLCANIC_ROCK_VOUCHER_10000,SEASHELLS,241,20
7700,,SUBMISSION,VOLCANIC_ROCK_VOUCHER_10000,SEASHELLS,241,2
7700,,SUBMISSION,VOLCANIC_ROCK_VOUCHER_9750,SEASHELLS,480,20
7700,,SUBMISSION,VOLCANIC_ROCK_VOUCHER_9750,SEASHELLS,480,2
7700,,,KELP,SEASHELLS,2046,1
7700,,,SQUID_INK,SEASHELLS,1810,1
7800,,SUBMISSION,CROISSANTS,SEASHELLS,4268,42
7800,,SUBMISSION,PICNIC_BASKET2,SEASHELLS,30097,2
7800,,SUBMISSION,RAINFOREST_RESIN,SEASHELLS,10002,5
7800,,SUBMISSION,VOLCANIC_ROCK_VOUCHER_10250,SEASHELLS,68,12
7800,,SUBMISSION,VOLCANIC_ROCK_VOUCHER_10250,SEASHELLS,68,2
7800,,,DJEMBES,SEASHELLS,13410,4
7900,SUBMISSION,,KELP,SEASHELLS,2045,3
7900,,SUBMISSION,PICNIC_BASKET2,SEASHELLS,30099,1
7900,,SUBMISSION,PICNIC_BASKET2,SEASHELLS,30098,20
7900,,SUBMISSION,PICNIC_BASKET2,SEASHELLS,30098,20
7900,,SUBMISSION,SQUID_INK,SEASHELLS,1810,30
7900,,SUBMISSION,SQUID_INK,SEASHELLS,1810,1
7900,,SUBMISSION,VOLCANIC_ROCK,SEASHELLS,10231,146
7900,,SUBMISSION,VOLCANIC_ROCK,SEASHELLS,10230,1
7900,,SUBMISSION,VOLCANIC_ROCK_VOUCHER_10000,SEASHELLS,244,20
7900,,SUBMISSION,VOLCANIC_ROCK_VOUCHER_10000,SEASHELLS,244,1
7900,,SUBMISSION,VOLCANIC_ROCK_VOUCHER_10250,SEASHELLS,69,20
7900,,SUBMISSION,VOLCANIC_ROCK_VOUCHER_10250,SEASHELLS,69,1
7900,,SUBMISSION,VOLCANIC_ROCK_VOUCHER_9500,SEASHELLS,732,1
7900,,SUBMISSION,VOLCANIC_ROCK_VOUCHER_9500,SEASHELLS,731,20
7900,,SUBMISSION,VOLCANIC_ROCK_VOUCHER_9750,SEASHELLS,482,20
7900,,SUBMISSION,VOLCANIC_ROCK_VOUCHER_9750,SEASHELLS,482,1
8000,,SUBMISSION,DJEMBES,SEASHELLS,13410,23
8000,,SUBMISSION,DJEMBES,SEASHELLS,13410,35
8000,,SUBMISSION,KELP,SEASHELLS,2046,4
8000,,SUBMISSION,SQUID_INK,SEASHELLS,1810,4
8000,,SUBMISSION,VOLCANIC_ROCK_VOUCHER_10000,SEASHELLS,244,12
8000,,SUBMISSION,VOLCANIC_ROCK_VOUCHER_10000,SEASHELLS,244,2
8000,,SUBMISSION,VOLCANIC_ROCK_VOUCHER_9500,SEASHELLS,730,12
8000,,SUBMISSION,VOLCANIC_ROCK_VOUCHER_9500,SEASHELLS,730,2
8000,,SUBMISSION,VOLCANIC_ROCK_VOUCHER_9750,SEASHELLS,482,12
8000,,SUBMISSION,VOLCANIC_ROCK_VOUCHER_9750,SEASHELLS,482,2
8000,,,KELP,SEASHELLS,2046,1
8000,,,KELP,SEASHELLS,2047,2
8000,,,SQUID_INK,SEASHELLS,1810,1
8000,,,SQUID_INK,SEASHELLS,1811,2
8100,,SUBMISSION,DJEMBES,SEASHELLS,13410,27
8100,,SUBMISSION,VOLCANIC_ROCK_VOUCHER_10250,SEASHELLS,69,12
8100,,SUBMISSION,VOLCANIC_ROCK_VOUCHER_10250,SEASHELLS,69,2
8100,,SUBMISSION,VOLCANIC_ROCK_VOUCHER_9500,SEASHELLS,731,12
8100,,SUBMISSION,VOLCANIC_ROCK_VOUCHER_9500,SEASHELLS,731,2
8100,,SUBMISSION,VOLCANIC_ROCK_VOUCHER_9750,SEASHELLS,482,12
8100,,SUBMISSION,VOLCANIC_ROCK_VOUCHER_9750,SEASHELLS,482,2
8100,,,KELP,SEASHELLS,2044,1
8100,,,SQUID_INK,SEASHELLS,1808,1
8200,SUBMISSION,,JAMS,SEASHELLS,6525,70
8200,SUBMISSION,,PICNIC_BASKET1,SEASHELLS,58728,19
8200,SUBMISSION,,PICNIC_BASKET1,SEASHELLS,58728,1
8200,SUBMISSION,,PICNIC_BASKET1,SEASHELLS,58728,0
8200,SUBMISSION,,PICNIC_BASKET1,SEASHELLS,58729,22
8200,SUBMISSION,,PICNIC_BASKET2,SEASHELLS,30093,19
8200,SUBMISSION,,PICNIC_BASKET2,SEASHELLS,30093,1
8200,SUBMISSION,,PICNIC_BASKET2,SEASHELLS,30093,0
8200,SUBMISSION,,PICNIC_BASKET2,SEASHELLS,30094,22
8200,SUBMISSION,,SQUID_INK,SEASHELLS,1808,27
8200,SUBMISSION,,SQUID_INK,SEASHELLS,1808,1
8200,,SUBMISSION,VOLCANIC_ROCK_VOUCHER_10000,SEASHELLS,244,19
8200,,SUBMISSION,VOLCANIC_ROCK_VOUCHER_10000,SEASHELLS,244,1
8200,,SUBMISSION,VOLCANIC_ROCK_VOUCHER_9500,SEASHELLS,732,4
8200,,SUBMISSION,VOLCANIC_ROCK_VOUCHER_9750,SEASHELLS,483,5
8200,,,RAINFOREST_RESIN,SEASHELLS,10008,2
8300,SUBMISSION,,JAMS,SEASHELLS,6525,80
8300,SUBMISSION,,PICNIC_BASKET2,SEASHELLS,30096,16
8300,SUBMISSION,,VOLCANIC_ROCK,SEASHELLS,10231,106
8300,,SUBMISSION,VOLCANIC_ROCK_VOUCHER_10000,SEASHELLS,245,16
8300,SUBMISSION,,VOLCANIC_ROCK_VOUCHER_10250,SEASHELLS,69,16
8400,SUBMISSION,,JAMS,SEASHELLS,6525,52
8400,SUBMISSION,,JAMS,SEASHELLS,6525,127
8400,SUBMISSION,,VOLCANIC_ROCK_VOUCHER_10000,SEASHELLS,244,16
8400,SUBMISSION,,VOLCANIC_ROCK_VOUCHER_10000,SEASHELLS,244,1
8400,SUBMISSION,,VOLCANIC_ROCK_VOUCHER_9500,SEASHELLS,731,16
8400,SUBMISSION,,VOLCANIC_ROCK_VOUCHER_9500,SEASHELLS,731,1
8400,SUBMISSION,,VOLCANIC_ROCK_VOUCHER_9750,SEASHELLS,482,16
8400,SUBMISSION,,VOLCANIC_ROCK_VOUCHER_9750,SEASHELLS,482,1
8500,,SUBMISSION,CROISSANTS,SEASHELLS,4268,43
8500,,SUBMISSION,DJEMBES,SEASHELLS,13411,29
8500,,SUBMISSION,PICNIC_BASKET1,SEASHELLS,58731,16
8500,,SUBMISSION,PICNIC_BASKET1,SEASHELLS,58731,2
8500,,SUBMISSION,PICNIC_BASKET1,SEASHELLS,58731,0
8500,,SUBMISSION,PICNIC_BASKET1,SEASHELLS,58730,29
8500,,SUBMISSION,PICNIC_BASKET2,SEASHELLS,30096,16
8500,,SUBMISSION,PICNIC_BASKET2,SEASHELLS,30096,2
8500,,SUBMISSION,VOLCANIC_ROCK_VOUCHER_9750,SEASHELLS,483,16
8500,,SUBMISSION,VOLCANIC_ROCK_VOUCHER_9750,SEASHELLS,483,1
8600,,SUBMISSION,CROISSANTS,SEASHELLS,4269,6
8600,,SUBMISSION,PICNIC_BASKET1,SEASHELLS,58745,2
8600,,SUBMISSION,PICNIC_BASKET1,SEASHELLS,58744,18
8600,,SUBMISSION,PICNIC_BASKET1,SEASHELLS,58743,16
8600,,SUBMISSION,PICNIC_BASKET2,SEASHELLS,30101,2
8600,,SUBMISSION,PICNIC_BASKET2,SEASHELLS,30100,16
8600,,SUBMISSION,PICNIC_BASKET2,SEASHELLS,30100,18
8600,SUBMISSION,,VOLCANIC_ROCK,SEASHELLS,10230,132
8600,SUBMISSION,,VOLCANIC_ROCK_VOUCHER_10000,SEASHELLS,242,18
8600,SUBMISSION,,VOLCANIC_ROCK_VOUCHER_10000,SEASHELLS,242,2
8600,SUBMISSION,,VOLCANIC_ROCK_VOUCHER_9500,SEASHELLS,730,18
8600,SUBMISSION,,VOLCANIC_ROCK_VOUCHER_9500,SEASHELLS,730,2
8600,SUBMISSION,,VOLCANIC_ROCK_VOUCHER_9750,SEASHELLS,481,18
8600,SUBMISSION,,VOLCANIC_ROCK_VOUCHER_9750,SEASHELLS,481,2
8600,,,DJEMBES,SEASHELLS,13410,2
8700,,SUBMISSION,PICNIC_BASKET1,SEASHELLS,58753,12
8700,,SUBMISSION,PICNIC_BASKET2,SEASHELLS,30102,19
8700,,SUBMISSION,PICNIC_BASKET2,SEASHELLS,30102,12
8700,SUBMISSION,,VOLCANIC_ROCK,SEASHELLS,10229,141
8700,SUBMISSION,,VOLCANIC_ROCK_VOUCHER_10000,SEASHELLS,240,19
8700,SUBMISSION,,VOLCANIC_ROCK_VOUCHER_10000,SEASHELLS,240,2
8700,SUBMISSION,,VOLCANIC_ROCK_VOUCHER_10250,SEASHELLS,68,19
8700,SUBMISSION,,VOLCANIC_ROCK_VOUCHER_10250,SEASHELLS,68,2
8700,SUBMISSION,,VOLCANIC_ROCK_VOUCHER_9500,SEASHELLS,729,19
8700,SUBMISSION,,VOLCANIC_ROCK_VOUCHER_9500,SEASHELLS,729,2
8700,SUBMISSION,,VOLCANIC_ROCK_VOUCHER_9750,SEASHELLS,480,19
8700,SUBMISSION,,VOLCANIC_ROCK_VOUCHER_9750,SEASHELLS,480,2
8700,,,RAINFOREST_RESIN,SEASHELLS,9992,2
8800,,SUBMISSION,KELP,SEASHELLS,2046,10
8800,SUBMISSION,,RAINFOREST_RESIN,SEASHELLS,9997,7
8800,,SUBMISSION,SQUID_INK,SEASHELLS,1812,10
8800,,SUBMISSION,SQUID_INK,SEASHELLS,1810,29
8800,,SUBMISSION,SQUID_INK,SEASHELLS,1810,2
8800,SUBMISSION,,VOLCANIC_ROCK,SEASHELLS,10229,103
8800,SUBMISSION,,VOLCANIC_ROCK_VOUCHER_10250,SEASHELLS,68,10
8800,SUBMISSION,,VOLCANIC_ROCK_VOUCHER_10250,SEASHELLS,68,2
8800,SUBMISSION,,VOLCANIC_ROCK_VOUCHER_9500,SEASHELLS,729,10
8800,SUBMISSION,,VOLCANIC_ROCK_VOUCHER_9500,SEASHELLS,729,2
8800,SUBMISSION,,VOLCANIC_ROCK_VOUCHER_9750,SEASHELLS,480,10
8800,SUBMISSION,,VOLCANIC_ROCK_VOUCHER_9750,SEASHELLS,480,2
8800,,,RAINFOREST_RESIN,SEASHELLS,9997,4
8800,,,RAINFOREST_RESIN,SEASHELLS,9992,1
8900,,SUBMISSION,JAMS,SEASHELLS,6525,76
8900,,SUBMISSION,JAMS,SEASHELLS,6525,168
8900,SUBMISSION,,RAINFOREST_RESIN,SEASHELLS,9998,3
8900,SUBMISSION,,VOLCANIC_ROCK,SEASHELLS,10229,134
8900,SUBMISSION,,VOLCANIC_ROCK_VOUCHER_10000,SEASHELLS,241,12
8900,SUBMISSION,,VOLCANIC_ROCK_VOUCHER_10000,SEASHELLS,241,1
8900,SUBMISSION,,VOLCANIC_ROCK_VOUCHER_10250,SEASHELLS,68,12
8900,SUBMISSION,,VOLCANIC_ROCK_VOUCHER_10250,SEASHELLS,68,1
8900,SUBMISSION,,VOLCANIC_ROCK_VOUCHER_9500,SEASHELLS,729,12
8900,SUBMISSION,,VOLCANIC_ROCK_VOUCHER_9500,SEASHELLS,729,1
8900,SUBMISSION,,VOLCANIC_ROCK_VOUCHER_9750,SEASHELLS,480,12
8900,SUBMISSION,,VOLCANIC_ROCK_VOUCHER_9750,SEASHELLS,480,1
9000,,SUBMISSION,DJEMBES,SEASHELLS,13411,6
9100,,SUBMISSION,RAINFOREST_RESIN,SEASHELLS,10002,3
9100,,SUBMISSION,VOLCANIC_ROCK_VOUCHER_10000,SEASHELLS,243,16
9100,,SUBMISSION,VOLCANIC_ROCK_VOUCHER_10000,SEASHELLS,243,1
9100,,SUBMISSION,VOLCANIC_ROCK_VOUCHER_9750,SEASHELLS,480,16
9100,,SUBMISSION,VOLCANIC_ROCK_VOUCHER_9750,SEASHELLS,480,1
9100,,,KELP,SEASHELLS,2044,1
9100,,,RAINFOREST_RESIN,SEASHELLS,10002,1
9100,,,SQUID_INK,SEASHELLS,1809,1
9200,SUBMISSION,,PICNIC_BASKET2,SEASHELLS,30102,7
9200,SUBMISSION,,RAINFOREST_RESIN,SEASHELLS,9998,5
9200,SUBMISSION,,VOLCANIC_ROCK,SEASHELLS,10227,148
9200,SUBMISSION,,VOLCANIC_ROCK_VOUCHER_9500,SEASHELLS,728,18
9200,SUBMISSION,,VOLCANIC_ROCK_VOUCHER_9500,SEASHELLS,728,2
9200,SUBMISSION,,VOLCANIC_ROCK_VOUCHER_9750,SEASHELLS,479,18
9200,SUBMISSION,,VOLCANIC_ROCK_VOUCHER_9750,SEASHELLS,479,2
9300,,SUBMISSION,PICNIC_BASKET2,SEASHELLS,30103,7
9300,SUBMISSION,,VOLCANIC_ROCK,SEASHELLS,10226,36
9300,SUBMISSION,,VOLCANIC_ROCK_VOUCHER_10000,SEASHELLS,238,16
9300,SUBMISSION,,VOLCANIC_ROCK_VOUCHER_10000,SEASHELLS,238,1
9300,SUBMISSION,,VOLCANIC_ROCK_VOUCHER_10250,SEASHELLS,67,16
9300,SUBMISSION,,VOLCANIC_ROCK_VOUCHER_10250,SEASHELLS,67,1
9300,SUBMISSION,,VOLCANIC_ROCK_VOUCHER_9500,SEASHELLS,726,16
9300,SUBMISSION,,VOLCANIC_ROCK_VOUCHER_9500,SEASHELLS,726,1
9300,SUBMISSION,,VOLCANIC_ROCK_VOUCHER_9750,SEASHELLS,478,16
9300,SUBMISSION,,VOLCANIC_ROCK_VOUCHER_9750,SEASHELLS,478,1
9400,SUBMISSION,,VOLCANIC_ROCK_VOUCHER_10000,SEASHELLS,235,19
9400,SUBMISSION,,VOLCANIC_ROCK_VOUCHER_10000,SEASHELLS,235,2
9400,SUBMISSION,,VOLCANIC_ROCK_VOUCHER_10250,SEASHELLS,66,19
9400,SUBMISSION,,VOLCANIC_ROCK_VOUCHER_10250,SEASHELLS,66,2
9400,SUBMISSION,,VOLCANIC_ROCK_VOUCHER_9500,SEASHELLS,724,19
9400,SUBMISSION,,VOLCANIC_ROCK_VOUCHER_9500,SEASHELLS,724,2
9400,SUBMISSION,,VOLCANIC_ROCK_VOUCHER_9750,SEASHELLS,475,19
9400,SUBMISSION,,VOLCANIC_ROCK_VOUCHER_9750,SEASHELLS,475,2
9400,,,VOLCANIC_ROCK_VOUCHER_10000,SEASHELLS,234,19
9400,,,VOLCANIC_ROCK_VOUCHER_10000,SEASHELLS,234,1
9400,,,VOLCANIC_ROCK_VOUCHER_10250,SEASHELLS,65,19
9400,,,VOLCANIC_ROCK_VOUCHER_10250,SEASHELLS,65,1
9400,,,VOLCANIC_ROCK_VOUCHER_10500,SEASHELLS,9,19
9400,,,VOLCANIC_ROCK_VOUCHER_10500,SEASHELLS,9,1
9400,,,VOLCANIC_ROCK_VOUCHER_9500,SEASHELLS,722,19
9400,,,VOLCANIC_ROCK_VOUCHER_9500,SEASHELLS,722,1
9400,,,VOLCANIC_ROCK_VOUCHER_9750,SEASHELLS,474,19
9400,,,VOLCANIC_ROCK_VOUCHER_9750,SEASHELLS,474,1
9500,SUBMISSION,,VOLCANIC_ROCK_VOUCHER_10000,SEASHELLS,238,18
9500,SUBMISSION,,VOLCANIC_ROCK_VOUCHER_10000,SEASHELLS,238,2
9500,SUBMISSION,,VOLCANIC_ROCK_VOUCHER_10250,SEASHELLS,66,18
9500,SUBMISSION,,VOLCANIC_ROCK_VOUCHER_10250,SEASHELLS,66,2
9500,SUBMISSION,,VOLCANIC_ROCK_VOUCHER_9500,SEASHELLS,725,18
9500,SUBMISSION,,VOLCANIC_ROCK_VOUCHER_9500,SEASHELLS,725,2
9500,SUBMISSION,,VOLCANIC_ROCK_VOUCHER_9750,SEASHELLS,476,18
9500,SUBMISSION,,VOLCANIC_ROCK_VOUCHER_9750,SEASHELLS,476,2
9500,,,CROISSANTS,SEASHELLS,4269,6
9600,SUBMISSION,,JAMS,SEASHELLS,6521,57
9600,SUBMISSION,,JAMS,SEASHELLS,6521,132
9600,SUBMISSION,,KELP,SEASHELLS,2045,3
9600,SUBMISSION,,PICNIC_BASKET1,SEASHELLS,58762,11
9600,SUBMISSION,,PICNIC_BASKET1,SEASHELLS,58763,17
9600,SUBMISSION,,PICNIC_BASKET2,SEASHELLS,30097,17
9600,SUBMISSION,,PICNIC_BASKET2,SEASHELLS,30097,11
9600,SUBMISSION,,RAINFOREST_RESIN,SEASHELLS,9999,1
9600,SUBMISSION,,SQUID_INK,SEASHELLS,1808,1
9600,SUBMISSION,,SQUID_INK,SEASHELLS,1808,3
9600,SUBMISSION,,SQUID_INK,SEASHELLS,1808,0
9600,SUBMISSION,,SQUID_INK,SEASHELLS,1809,3
9600,SUBMISSION,,VOLCANIC_ROCK_VOUCHER_10000,SEASHELLS,237,11
9600,SUBMISSION,,VOLCANIC_ROCK_VOUCHER_10250,SEASHELLS,65,11
9600,SUBMISSION,,VOLCANIC_ROCK_VOUCHER_9500,SEASHELLS,723,11
9600,SUBMISSION,,VOLCANIC_ROCK_VOUCHER_9750,SEASHELLS,474,11
9600,,,KELP,SEASHELLS,2044,1
9700,SUBMISSION,,JAMS,SEASHELLS,6521,61
9700,SUBMISSION,,JAMS,SEASHELLS,6521,198
9700,SUBMISSION,,KELP,SEASHELLS,2045,2
9700,SUBMISSION,,PICNIC_BASKET1,SEASHELLS,58762,2
9700,SUBMISSION,,PICNIC_BASKET1,SEASHELLS,58763,13
9700,SUBMISSION,,PICNIC_BASKET1,SEASHELLS,58764,15
9700,SUBMISSION,,PICNIC_BASKET2,SEASHELLS,30094,15
9700,SUBMISSION,,PICNIC_BASKET2,SEASHELLS,30094,13
9700,SUBMISSION,,PICNIC_BASKET2,SEASHELLS,30094,2
9700,SUBMISSION,,SQUID_INK,SEASHELLS,1806,2
9700,SUBMISSION,,SQUID_INK,SEASHELLS,1808,20
9700,SUBMISSION,,SQUID_INK,SEASHELLS,1808,2
9700,,SUBMISSION,VOLCANIC_ROCK,SEASHELLS,10225,106
9700,,SUBMISSION,VOLCANIC_ROCK,SEASHELLS,10224,51
9700,,SUBMISSION,VOLCANIC_ROCK_VOUCHER_10000,SEASHELLS,238,13
9700,,SUBMISSION,VOLCANIC_ROCK_VOUCHER_10000,SEASHELLS,238,2
9700,,SUBMISSION,VOLCANIC_ROCK_VOUCHER_10250,SEASHELLS,66,13
9700,,SUBMISSION,VOLCANIC_ROCK_VOUCHER_10250,SEASHELLS,66,2
9700,,SUBMISSION,VOLCANIC_ROCK_VOUCHER_9500,SEASHELLS,725,13
9700,,SUBMISSION,VOLCANIC_ROCK_VOUCHER_9500,SEASHELLS,725,2
9700,,SUBMISSION,VOLCANIC_ROCK_VOUCHER_9750,SEASHELLS,477,13
9700,,SUBMISSION,VOLCANIC_ROCK_VOUCHER_9750,SEASHELLS,477,2
9700,,,KELP,SEASHELLS,2044,1
9700,,,SQUID_INK,SEASHELLS,1805,1
9800,SUBMISSION,,JAMS,SEASHELLS,6520,98
9800,SUBMISSION,,JAMS,SEASHELLS,6520,69
9800,SUBMISSION,,PICNIC_BASKET1,SEASHELLS,58755,3
9800,SUBMISSION,,PICNIC_BASKET1,SEASHELLS,58761,27
9800,SUBMISSION,,PICNIC_BASKET1,SEASHELLS,58761,13
9800,SUBMISSION,,PICNIC_BASKET2,SEASHELLS,30088,3
9800,SUBMISSION,,PICNIC_BASKET2,SEASHELLS,30091,13
9800,SUBMISSION,,PICNIC_BASKET2,SEASHELLS,30092,27
9800,SUBMISSION,,RAINFOREST_RESIN,SEASHELLS,9998,3
9800,SUBMISSION,,VOLCANIC_ROCK,SEASHELLS,10223,105
9800,,SUBMISSION,VOLCANIC_ROCK_VOUCHER_10000,SEASHELLS,237,13
9800,SUBMISSION,,VOLCANIC_ROCK_VOUCHER_9500,SEASHELLS,723,13
9800,SUBMISSION,,VOLCANIC_ROCK_VOUCHER_9750,SEASHELLS,475,13
9900,SUBMISSION,,DJEMBES,SEASHELLS,13416,26
9900,SUBMISSION,,DJEMBES,SEASHELLS,13417,47
9900,,SUBMISSION,VOLCANIC_ROCK,SEASHELLS,10224,103
9900,SUBMISSION,,VOLCANIC_ROCK_VOUCHER_10000,SEASHELLS,237,12
9900,SUBMISSION,,VOLCANIC_ROCK_VOUCHER_10000,SEASHELLS,237,1
9900,,SUBMISSION,VOLCANIC_ROCK_VOUCHER_10250,SEASHELLS,66,12
9900,,SUBMISSION,VOLCANIC_ROCK_VOUCHER_10250,SEASHELLS,66,1
9900,,SUBMISSION,VOLCANIC_ROCK_VOUCHER_9500,SEASHELLS,724,12
9900,,SUBMISSION,VOLCANIC_ROCK_VOUCHER_9500,SEASHELLS,724,1
9900,,,DJEMBES,SEASHELLS,13415,1
10000,SUBMISSION,,PICNIC_BASKET2,SEASHELLS,30089,2
10000,SUBMISSION,,PICNIC_BASKET2,SEASHELLS,30090,16
10000,SUBMISSION,,PICNIC_BASKET2,SEASHELLS,30090,12
10000,SUBMISSION,,VOLCANIC_ROCK_VOUCHER_10000,SEASHELLS,237,12
10000,SUBMISSION,,VOLCANIC_ROCK_VOUCHER_10000,SEASHELLS,237,2
10000,,SUBMISSION,VOLCANIC_ROCK_VOUCHER_9500,SEASHELLS,724,1
10000,,SUBMISSION,VOLCANIC_ROCK_VOUCHER_9500,SEASHELLS,724,2
10000,,,CROISSANTS,SEASHELLS,4270,5
10000,,,VOLCANIC_ROCK_VOUCHER_10000,SEASHELLS,236,11
10000,,,VOLCANIC_ROCK_VOUCHER_10250,SEASHELLS,65,11
10000,,,VOLCANIC_ROCK_VOUCHER_10500,SEASHELLS,9,11
10000,,,VOLCANIC_ROCK_VOUCHER_9500,SEASHELLS,724,11
10000,,,VOLCANIC_ROCK_VOUCHER_9750,SEASHELLS,475,11
10100,SUBMISSION,,VOLCANIC_ROCK,SEASHELLS,10224,115
10100,SUBMISSION,,VOLCANIC_ROCK_VOUCHER_10000,SEASHELLS,235,10
10100,SUBMISSION,,VOLCANIC_ROCK_VOUCHER_10000,SEASHELLS,235,1
10100,SUBMISSION,,VOLCANIC_ROCK_VOUCHER_9500,SEASHELLS,724,10
10100,SUBMISSION,,VOLCANIC_ROCK_VOUCHER_9500,SEASHELLS,724,1
10100,SUBMISSION,,VOLCANIC_ROCK_VOUCHER_9750,SEASHELLS,475,10
10100,SUBMISSION,,VOLCANIC_ROCK_VOUCHER_9750,SEASHELLS,475,1
10200,,SUBMISSION,PICNIC_BASKET1,SEASHELLS,58763,2
10200,SUBMISSION,,RAINFOREST_RESIN,SEASHELLS,9999,1
10200,SUBMISSION,,VOLCANIC_ROCK_VOUCHER_10000,SEASHELLS,236,14
10200,SUBMISSION,,VOLCANIC_ROCK_VOUCHER_10000,SEASHELLS,236,2
10200,,,VOLCANIC_ROCK_VOUCHER_10000,SEASHELLS,235,14
10200,,,VOLCANIC_ROCK_VOUCHER_10250,SEASHELLS,65,14
10200,,,VOLCANIC_ROCK_VOUCHER_10500,SEASHELLS,9,14
10200,,,VOLCANIC_ROCK_VOUCHER_9500,SEASHELLS,723,14
10200,,,VOLCANIC_ROCK_VOUCHER_9750,SEASHELLS,474,14
10300,SUBMISSION,,PICNIC_BASKET2,SEASHELLS,30084,14
10300,SUBMISSION,,PICNIC_BASKET2,SEASHELLS,30084,2
10300,SUBMISSION,,PICNIC_BASKET2,SEASHELLS,30084,0
10300,SUBMISSION,,PICNIC_BASKET2,SEASHELLS,30085,15
10300,SUBMISSION,,SQUID_INK,SEASHELLS,1806,25
10300,SUBMISSION,,SQUID_INK,SEASHELLS,1806,2
10300,SUBMISSION,,VOLCANIC_ROCK,SEASHELLS,10219,40
10300,SUBMISSION,,VOLCANIC_ROCK_VOUCHER_10000,SEASHELLS,231,14
10300,SUBMISSION,,VOLCANIC_ROCK_VOUCHER_10000,SEASHELLS,231,2
10300,SUBMISSION,,VOLCANIC_ROCK_VOUCHER_10250,SEASHELLS,64,14
10300,SUBMISSION,,VOLCANIC_ROCK_VOUCHER_10250,SEASHELLS,64,2
10300,SUBMISSION,,VOLCANIC_ROCK_VOUCHER_10500,SEASHELLS,9,14
10300,SUBMISSION,,VOLCANIC_ROCK_VOUCHER_10500,SEASHELLS,9,2
10300,SUBMISSION,,VOLCANIC_ROCK_VOUCHER_9500,SEASHELLS,719,2
10300,SUBMISSION,,VOLCANIC_ROCK_VOUCHER_9500,SEASHELLS,720,14
10300,SUBMISSION,,VOLCANIC_ROCK_VOUCHER_9750,SEASHELLS,471,14
10300,SUBMISSION,,VOLCANIC_ROCK_VOUCHER_9750,SEASHELLS,471,2
10300,,,RAINFOREST_RESIN,SEASHELLS,9992,2
10400,,SUBMISSION,DJEMBES,SEASHELLS,13417,25
10400,,SUBMISSION,DJEMBES,SEASHELLS,13417,40
10400,SUBMISSION,,PICNIC_BASKET2,SEASHELLS,30083,2
10400,SUBMISSION,,PICNIC_BASKET2,SEASHELLS,30084,25
10400,SUBMISSION,,PICNIC_BASKET2,SEASHELLS,30084,11
10400,SUBMISSION,,VOLCANIC_ROCK_VOUCHER_10000,SEASHELLS,234,12
10400,SUBMISSION,,VOLCANIC_ROCK_VOUCHER_10000,SEASHELLS,234,2
10400,SUBMISSION,,VOLCANIC_ROCK_VOUCHER_10250,SEASHELLS,64,12
10400,SUBMISSION,,VOLCANIC_ROCK_VOUCHER_10250,SEASHELLS,64,2
10400,SUBMISSION,,VOLCANIC_ROCK_VOUCHER_10500,SEASHELLS,9,12
10400,SUBMISSION,,VOLCANIC_ROCK_VOUCHER_10500,SEASHELLS,9,2
10400,SUBMISSION,,VOLCANIC_ROCK_VOUCHER_9500,SEASHELLS,720,12
10400,SUBMISSION,,VOLCANIC_ROCK_VOUCHER_9500,SEASHELLS,720,2
10400,SUBMISSION,,VOLCANIC_ROCK_VOUCHER_9750,SEASHELLS,471,12
10400,SUBMISSION,,VOLCANIC_ROCK_VOUCHER_9750,SEASHELLS,471,2
10500,SUBMISSION,,CROISSANTS,SEASHELLS,4270,60
10500,SUBMISSION,,CROISSANTS,SEASHELLS,4270,60
10500,,SUBMISSION,DJEMBES,SEASHELLS,13418,8
10500,SUBMISSION,,VOLCANIC_ROCK_VOUCHER_10000,SEASHELLS,229,20
10500,SUBMISSION,,VOLCANIC_ROCK_VOUCHER_10000,SEASHELLS,229,2
10500,SUBMISSION,,VOLCANIC_ROCK_VOUCHER_10250,SEASHELLS,62,20
10500,SUBMISSION,,VOLCANIC_ROCK_VOUCHER_10250,SEASHELLS,62,2
10500,SUBMISSION,,VOLCANIC_ROCK_VOUCHER_9500,SEASHELLS,715,20
10500,SUBMISSION,,VOLCANIC_ROCK_VOUCHER_9500,SEASHELLS,715,2
10500,SUBMISSION,,VOLCANIC_ROCK_VOUCHER_9750,SEASHELLS,466,20
10500,SUBMISSION,,VOLCANIC_ROCK_VOUCHER_9750,SEASHELLS,466,2
10600,SUBMISSION,,PICNIC_BASKET1,SEASHELLS,58758,1
10600,SUBMISSION,,PICNIC_BASKET1,SEASHELLS,58759,19
10600,SUBMISSION,,PICNIC_BASKET1,SEASHELLS,58760,1
10600,SUBMISSION,,VOLCANIC_ROCK_VOUCHER_10000,SEASHELLS,230,19
10600,SUBMISSION,,VOLCANIC_ROCK_VOUCHER_10000,SEASHELLS,230,1
10600,SUBMISSION,,VOLCANIC_ROCK_VOUCHER_10250,SEASHELLS,62,19
10600,SUBMISSION,,VOLCANIC_ROCK_VOUCHER_10250,SEASHELLS,62,1
10600,SUBMISSION,,VOLCANIC_ROCK_VOUCHER_9500,SEASHELLS,715,19
10600,SUBMISSION,,VOLCANIC_ROCK_VOUCHER_9500,SEASHELLS,715,1
10600,SUBMISSION,,VOLCANIC_ROCK_VOUCHER_9750,SEASHELLS,466,19
10600,SUBMISSION,,VOLCANIC_ROCK_VOUCHER_9750,SEASHELLS,466,1
10700,SUBMISSION,,VOLCANIC_ROCK_VOUCHER_10000,SEASHELLS,230,14
10700,SUBMISSION,,VOLCANIC_ROCK_VOUCHER_10000,SEASHELLS,230,1
10700,SUBMISSION,,VOLCANIC_ROCK_VOUCHER_10250,SEASHELLS,62,14
10700,SUBMISSION,,VOLCANIC_ROCK_VOUCHER_10250,SEASHELLS,62,1
10700,SUBMISSION,,VOLCANIC_ROCK_VOUCHER_9500,SEASHELLS,716,14
10700,SUBMISSION,,VOLCANIC_ROCK_VOUCHER_9500,SEASHELLS,716,1
10700,SUBMISSION,,VOLCANIC_ROCK_VOUCHER_9750,SEASHELLS,467,14
10700,SUBMISSION,,VOLCANIC_ROCK_VOUCHER_9750,SEASHELLS,467,1
10800,,SUBMISSION,JAMS,SEASHELLS,6517,64
10800,SUBMISSION,,SQUID_INK,SEASHELLS,1802,1
10800,SUBMISSION,,VOLCANIC_ROCK_VOUCHER_9500,SEASHELLS,715,18
10800,SUBMISSION,,VOLCANIC_ROCK_VOUCHER_9750,SEASHELLS,466,18
10800,,,KELP,SEASHELLS,2046,1
10800,,,RAINFOREST_RESIN,SEASHELLS,10008,8
10800,,,SQUID_INK,SEASHELLS,1804,12
10900,,SUBMISSION,JAMS,SEASHELLS,6517,53
10900,,SUBMISSION,JAMS,SEASHELLS,6517,185
10900,,SUBMISSION,VOLCANIC_ROCK_VOUCHER_10000,SEASHELLS,230,16
10900,,SUBMISSION,VOLCANIC_ROCK_VOUCHER_10000,SEASHELLS,230,2
10900,,,KELP,SEASHELLS,2044,4
10900,,,SQUID_INK,SEASHELLS,1800,4
11000,SUBMISSION,,CROISSANTS,SEASHELLS,4269,53
11000,SUBMISSION,,CROISSANTS,SEASHELLS,4269,71
11000,,SUBMISSION,JAMS,SEASHELLS,6518,71
11000,SUBMISSION,,VOLCANIC_ROCK_VOUCHER_10000,SEASHELLS,229,18
11000,SUBMISSION,,VOLCANIC_ROCK_VOUCHER_10000,SEASHELLS,229,1
11100,,SUBMISSION,JAMS,SEASHELLS,6518,60
11100,,SUBMISSION,JAMS,SEASHELLS,6518,8
11100,,SUBMISSION,RAINFOREST_RESIN,SEASHELLS,10002,3
11100,SUBMISSION,,VOLCANIC_ROCK_VOUCHER_10000,SEASHELLS,229,15
11100,SUBMISSION,,VOLCANIC_ROCK_VOUCHER_10000,SEASHELLS,229,2
11200,,SUBMISSION,JAMS,SEASHELLS,6519,65
11200,,SUBMISSION,VOLCANIC_ROCK_VOUCHER_10000,SEASHELLS,230,10
11200,,SUBMISSION,VOLCANIC_ROCK_VOUCHER_10000,SEASHELLS,230,1
11200,,SUBMISSION,VOLCANIC_ROCK_VOUCHER_9500,SEASHELLS,715,10
11200,,SUBMISSION,VOLCANIC_ROCK_VOUCHER_9500,SEASHELLS,715,1
11200,,SUBMISSION,VOLCANIC_ROCK_VOUCHER_9750,SEASHELLS,466,10
11200,,SUBMISSION,VOLCANIC_ROCK_VOUCHER_9750,SEASHELLS,466,1
11300,SUBMISSION,,SQUID_INK,SEASHELLS,1800,4
11300,SUBMISSION,,SQUID_INK,SEASHELLS,1801,22
11300,SUBMISSION,,VOLCANIC_ROCK_VOUCHER_10000,SEASHELLS,228,11
11300,SUBMISSION,,VOLCANIC_ROCK_VOUCHER_10250,SEASHELLS,61,11
11300,SUBMISSION,,VOLCANIC_ROCK_VOUCHER_9500,SEASHELLS,713,11
11300,SUBMISSION,,VOLCANIC_ROCK_VOUCHER_9750,SEASHELLS,464,11
11300,,,RAINFOREST_RESIN,SEASHELLS,10008,1
11400,SUBMISSION,,KELP,SEASHELLS,2045,2
11400,,SUBMISSION,PICNIC_BASKET1,SEASHELLS,58763,19
11400,,SUBMISSION,PICNIC_BASKET1,SEASHELLS,58762,25
11400,SUBMISSION,,VOLCANIC_ROCK_VOUCHER_10000,SEASHELLS,227,19
11400,SUBMISSION,,VOLCANIC_ROCK_VOUCHER_10250,SEASHELLS,61,19
11400,SUBMISSION,,VOLCANIC_ROCK_VOUCHER_9500,SEASHELLS,712,19
11400,SUBMISSION,,VOLCANIC_ROCK_VOUCHER_9750,SEASHELLS,463,19
11400,,,KELP,SEASHELLS,2046,1
11400,,,SQUID_INK,SEASHELLS,1800,1
11400,,,SQUID_INK,SEASHELLS,1799,2
11500,SUBMISSION,,CROISSANTS,SEASHELLS,4268,65
11500,,SUBMISSION,PICNIC_BASKET1,SEASHELLS,58764,17
11500,SUBMISSION,,VOLCANIC_ROCK_VOUCHER_10000,SEASHELLS,228,17
11500,SUBMISSION,,VOLCANIC_ROCK_VOUCHER_10250,SEASHELLS,60,17
11500,SUBMISSION,,VOLCANIC_ROCK_VOUCHER_9500,SEASHELLS,711,17
11500,SUBMISSION,,VOLCANIC_ROCK_VOUCHER_9750,SEASHELLS,462,17
11500,,,CROISSANTS,SEASHELLS,4269,8
11500,,,VOLCANIC_ROCK,SEASHELLS,10211,8
11600,SUBMISSION,,CROISSANTS,SEASHELLS,4268,42
11600,SUBMISSION,,DJEMBES,SEASHELLS,13421,29
11600,,SUBMISSION,JAMS,SEASHELLS,6519,51
11600,,SUBMISSION,JAMS,SEASHELLS,6519,5
11600,SUBMISSION,,VOLCANIC_ROCK_VOUCHER_10000,SEASHELLS,224,14
11600,SUBMISSION,,VOLCANIC_ROCK_VOUCHER_10250,SEASHELLS,60,14
11600,SUBMISSION,,VOLCANIC_ROCK_VOUCHER_10500,SEASHELLS,8,14
11600,SUBMISSION,,VOLCANIC_ROCK_VOUCHER_9500,SEASHELLS,710,14
11600,SUBMISSION,,VOLCANIC_ROCK_VOUCHER_9750,SEASHELLS,461,14
11600,,,JAMS,SEASHELLS,6520,8
11700,SUBMISSION,,CROISSANTS,SEASHELLS,4268,49
11700,SUBMISSION,,CROISSANTS,SEASHELLS,4268,95
11700,,SUBMISSION,DJEMBES,SEASHELLS,13422,18
11700,,SUBMISSION,DJEMBES,SEASHELLS,13422,11
11700,,SUBMISSION,JAMS,SEASHELLS,6519,95
11700,,SUBMISSION,JAMS,SEASHELLS,6519,43
11700,,SUBMISSION,KELP,SEASHELLS,2046,3
11700,,SUBMISSION,SQUID_INK,SEASHELLS,1801,3
11700,SUBMISSION,,VOLCANIC_ROCK_VOUCHER_10000,SEASHELLS,225,14
11700,SUBMISSION,,VOLCANIC_ROCK_VOUCHER_10000,SEASHELLS,225,2
11700,SUBMISSION,,VOLCANIC_ROCK_VOUCHER_10250,SEASHELLS,59,14
11700,SUBMISSION,,VOLCANIC_ROCK_VOUCHER_10250,SEASHELLS,59,2
11700,SUBMISSION,,VOLCANIC_ROCK_VOUCHER_10500,SEASHELLS,8,14
11700,SUBMISSION,,VOLCANIC_ROCK_VOUCHER_10500,SEASHELLS,8,2
11700,SUBMISSION,,VOLCANIC_ROCK_VOUCHER_9500,SEASHELLS,709,14
11700,SUBMISSION,,VOLCANIC_ROCK_VOUCHER_9500,SEASHELLS,709,2
11700,SUBMISSION,,VOLCANIC_ROCK_VOUCHER_9750,SEASHELLS,459,14
11700,SUBMISSION,,VOLCANIC_ROCK_VOUCHER_9750,SEASHELLS,459,2
11800,SUBMISSION,,CROISSANTS,SEASHELLS,4267,5
11800,SUBMISSION,,VOLCANIC_ROCK_VOUCHER_10000,SEASHELLS,225,7
11800,SUBMISSION,,VOLCANIC_ROCK_VOUCHER_10250,SEASHELLS,59,10
11800,SUBMISSION,,VOLCANIC_ROCK_VOUCHER_9500,SEASHELLS,709,10
11800,SUBMISSION,,VOLCANIC_ROCK_VOUCHER_9750,SEASHELLS,460,10
11800,,,KELP,SEASHELLS,2044,1
11800,,,SQUID_INK,SEASHELLS,1798,1
11800,,,VOLCANIC_ROCK_VOUCHER_10000,SEASHELLS,225,3
11800,,,VOLCANIC_ROCK_VOUCHER_10500,SEASHELLS,8,10
11900,,SUBMISSION,SQUID_INK,SEASHELLS,1802,5
11900,,SUBMISSION,SQUID_INK,SEASHELLS,1801,1
11900,,SUBMISSION,SQUID_INK,SEASHELLS,1801,2
11900,,SUBMISSION,VOLCANIC_ROCK,SEASHELLS,10210,115
11900,,SUBMISSION,VOLCANIC_ROCK,SEASHELLS,10209,55
11900,,SUBMISSION,VOLCANIC_ROCK_VOUCHER_10000,SEASHELLS,226,20
11900,,SUBMISSION,VOLCANIC_ROCK_VOUCHER_10000,SEASHELLS,226,2
11900,,SUBMISSION,VOLCANIC_ROCK_VOUCHER_10500,SEASHELLS,8,20
11900,,SUBMISSION,VOLCANIC_ROCK_VOUCHER_10500,SEASHELLS,8,2
11900,,SUBMISSION,VOLCANIC_ROCK_VOUCHER_9500,SEASHELLS,710,20
11900,,SUBMISSION,VOLCANIC_ROCK_VOUCHER_9500,SEASHELLS,710,2
11900,,SUBMISSION,VOLCANIC_ROCK_VOUCHER_9750,SEASHELLS,462,20
11900,,SUBMISSION,VOLCANIC_ROCK_VOUCHER_9750,SEASHELLS,462,2
11900,,,CROISSANTS,SEASHELLS,4268,8
12000,,SUBMISSION,SQUID_INK,SEASHELLS,1802,24
12000,,SUBMISSION,VOLCANIC_ROCK,SEASHELLS,10210,136
12000,,SUBMISSION,VOLCANIC_ROCK_VOUCHER_10250,SEASHELLS,60,11
12000,,SUBMISSION,VOLCANIC_ROCK_VOUCHER_10500,SEASHELLS,8,11
12000,,SUBMISSION,VOLCANIC_ROCK_VOUCHER_9500,SEASHELLS,711,11
12000,,SUBMISSION,VOLCANIC_ROCK_VOUCHER_9750,SEASHELLS,463,11
12000,,,JAMS,SEASHELLS,6522,7
12000,,,KELP,SEASHELLS,2044,1
12000,,,SQUID_INK,SEASHELLS,1802,1
12100,SUBMISSION,,DJEMBES,SEASHELLS,13421,23
12100,SUBMISSION,,DJEMBES,SEASHELLS,13422,30
12100,,SUBMISSION,PICNIC_BASKET2,SEASHELLS,30077,23
12100,,SUBMISSION,PICNIC_BASKET2,SEASHELLS,30077,14
12100,,SUBMISSION,SQUID_INK,SEASHELLS,1802,27
12100,SUBMISSION,,VOLCANIC_ROCK,SEASHELLS,10206,145
12100,SUBMISSION,,VOLCANIC_ROCK,SEASHELLS,10207,42
12100,SUBMISSION,,VOLCANIC_ROCK_VOUCHER_10000,SEASHELLS,221,14
12100,SUBMISSION,,VOLCANIC_ROCK_VOUCHER_10250,SEASHELLS,58,14
12100,SUBMISSION,,VOLCANIC_ROCK_VOUCHER_9500,SEASHELLS,707,14
12100,SUBMISSION,,VOLCANIC_ROCK_VOUCHER_9750,SEASHELLS,458,14
12100,,,CROISSANTS,SEASHELLS,4268,8
12200,,SUBMISSION,PICNIC_BASKET2,SEASHELLS,30079,18
12200,,SUBMISSION,PICNIC_BASKET2,SEASHELLS,30079,1
12200,,SUBMISSION,PICNIC_BASKET2,SEASHELLS,30079,0
12200,,SUBMISSION,PICNIC_BASKET2,SEASHELLS,30078,20
12200,SUBMISSION,,RAINFOREST_RESIN,SEASHELLS,9998,3
12200,SUBMISSION,,VOLCANIC_ROCK,SEASHELLS,10207,119
12200,SUBMISSION,,VOLCANIC_ROCK_VOUCHER_10000,SEASHELLS,222,8
12200,SUBMISSION,,VOLCANIC_ROCK_VOUCHER_10250,SEASHELLS,58,18
12200,SUBMISSION,,VOLCANIC_ROCK_VOUCHER_10250,SEASHELLS,58,1
12200,SUBMISSION,,VOLCANIC_ROCK_VOUCHER_9500,SEASHELLS,707,18
12200,SUBMISSION,,VOLCANIC_ROCK_VOUCHER_9500,SEASHELLS,707,1
12200,SUBMISSION,,VOLCANIC_ROCK_VOUCHER_9750,SEASHELLS,458,18
12200,SUBMISSION,,VOLCANIC_ROCK_VOUCHER_9750,SEASHELLS,458,1
12200,,,KELP,SEASHELLS,2047,2
12200,,,PICNIC_BASKET1,SEASHELLS,58772,1
12200,,,SQUID_INK,SEASHELLS,1805,2
12300,,SUBMISSION,PICNIC_BASKET2,SEASHELLS,30079,17
12300,,SUBMISSION,PICNIC_BASKET2,SEASHELLS,30079,12
12300,,SUBMISSION,PICNIC_BASKET2,SEASHELLS,30079,2
12300,SUBMISSION,,VOLCANIC_ROCK_VOUCHER_10250,SEASHELLS,57,12
12300,SUBMISSION,,VOLCANIC_ROCK_VOUCHER_10250,SEASHELLS,57,2
12300,SUBMISSION,,VOLCANIC_ROCK_VOUCHER_9500,SEASHELLS,703,12
12300,SUBMISSION,,VOLCANIC_ROCK_VOUCHER_9500,SEASHELLS,703,2
12300,SUBMISSION,,VOLCANIC_ROCK_VOUCHER_9750,SEASHELLS,454,12
12300,SUBMISSION,,VOLCANIC_ROCK_VOUCHER_9750,SEASHELLS,454,2
12300,,,KELP,SEASHELLS,2046,1
12300,,,SQUID_INK,SEASHELLS,1804,1
12400,,SUBMISSION,DJEMBES,SEASHELLS,13422,21
12400,,SUBMISSION,DJEMBES,SEASHELLS,13422,32
12400,,SUBMISSION,KELP,SEASHELLS,2046,1
12400,,SUBMISSION,PICNIC_BASKET2,SEASHELLS,30083,10
12400,,SUBMISSION,PICNIC_BASKET2,SEASHELLS,30083,1
12400,,SUBMISSION,PICNIC_BASKET2,SEASHELLS,30083,0
12400,,SUBMISSION,PICNIC_BASKET2,SEASHELLS,30082,21
12400,SUBMISSION,,VOLCANIC_ROCK_VOUCHER_10250,SEASHELLS,56,10
12400,SUBMISSION,,VOLCANIC_ROCK_VOUCHER_10250,SEASHELLS,56,1
12400,SUBMISSION,,VOLCANIC_ROCK_VOUCHER_9500,SEASHELLS,701,10
12400,SUBMISSION,,VOLCANIC_ROCK_VOUCHER_9500,SEASHELLS,701,1
12400,SUBMISSION,,VOLCANIC_ROCK_VOUCHER_9750,SEASHELLS,452,1
12400,SUBMISSION,,VOLCANIC_ROCK_VOUCHER_9750,SEASHELLS,453,10
12400,,,SQUID_INK,SEASHELLS,1803,1
12500,,SUBMISSION,KELP,SEASHELLS,2046,3
12500,,SUBMISSION,PICNIC_BASKET2,SEASHELLS,30086,21
12500,,SUBMISSION,PICNIC_BASKET2,SEASHELLS,30086,12
12500,SUBMISSION,,VOLCANIC_ROCK_VOUCHER_10250,SEASHELLS,56,12
12500,SUBMISSION,,VOLCANIC_ROCK_VOUCHER_9500,SEASHELLS,700,12
12500,SUBMISSION,,VOLCANIC_ROCK_VOUCHER_9750,SEASHELLS,452,12
12500,,,SQUID_INK,SEASHELLS,1803,3
12600,,SUBMISSION,KELP,SEASHELLS,2046,5
12600,,SUBMISSION,PICNIC_BASKET1,SEASHELLS,58781,5
12600,,SUBMISSION,PICNIC_BASKET2,SEASHELLS,30089,6
12600,SUBMISSION,,VOLCANIC_ROCK_VOUCHER_10250,SEASHELLS,56,16
12600,SUBMISSION,,VOLCANIC_ROCK_VOUCHER_10250,SEASHELLS,56,1
12600,SUBMISSION,,VOLCANIC_ROCK_VOUCHER_9500,SEASHELLS,700,16
12600,SUBMISSION,,VOLCANIC_ROCK_VOUCHER_9500,SEASHELLS,700,1
12600,SUBMISSION,,VOLCANIC_ROCK_VOUCHER_9750,SEASHELLS,452,16
12600,SUBMISSION,,VOLCANIC_ROCK_VOUCHER_9750,SEASHELLS,452,1
12600,,,PICNIC_BASKET1,SEASHELLS,58781,1
12700,SUBMISSION,,SQUID_INK,SEASHELLS,1802,5
12700,,SUBMISSION,VOLCANIC_ROCK,SEASHELLS,10201,146
12700,,SUBMISSION,VOLCANIC_ROCK_VOUCHER_10250,SEASHELLS,56,10
12700,,SUBMISSION,VOLCANIC_ROCK_VOUCHER_9500,SEASHELLS,702,10
12700,,,KELP,SEASHELLS,2044,1
12700,,,SQUID_INK,SEASHELLS,1800,1
12800,,SUBMISSION,CROISSANTS,SEASHELLS,4267,50
12800,,SUBMISSION,PICNIC_BASKET1,SEASHELLS,58778,3
12800,,SUBMISSION,VOLCANIC_ROCK,SEASHELLS,10202,149
12800,,SUBMISSION,VOLCANIC_ROCK,SEASHELLS,10202,60
12800,,SUBMISSION,VOLCANIC_ROCK_VOUCHER_10000,SEASHELLS,219,5
12800,,SUBMISSION,VOLCANIC_ROCK_VOUCHER_10000,SEASHELLS,219,2
12800,,SUBMISSION,VOLCANIC_ROCK_VOUCHER_10250,SEASHELLS,56,5
12800,,SUBMISSION,VOLCANIC_ROCK_VOUCHER_10250,SEASHELLS,56,2
12800,,SUBMISSION,VOLCANIC_ROCK_VOUCHER_9500,SEASHELLS,703,5
12800,,SUBMISSION,VOLCANIC_ROCK_VOUCHER_9500,SEASHELLS,703,2
12800,,SUBMISSION,VOLCANIC_ROCK_VOUCHER_9750,SEASHELLS,454,5
12800,,SUBMISSION,VOLCANIC_ROCK_VOUCHER_9750,SEASHELLS,454,2
12800,,,KELP,SEASHELLS,2046,2
12800,,,SQUID_INK,SEASHELLS,1802,2
12800,,,VOLCANIC_ROCK_VOUCHER_10000,SEASHELLS,219,11
12800,,,VOLCANIC_ROCK_VOUCHER_10250,SEASHELLS,56,11
12800,,,VOLCANIC_ROCK_VOUCHER_10500,SEASHELLS,7,11
12800,,,VOLCANIC_ROCK_VOUCHER_9500,SEASHELLS,703,11
12800,,,VOLCANIC_ROCK_VOUCHER_9750,SEASHELLS,454,11
12900,,SUBMISSION,CROISSANTS,SEASHELLS,4267,63
12900,,SUBMISSION,PICNIC_BASKET1,SEASHELLS,58782,2
12900,,SUBMISSION,PICNIC_BASKET1,SEASHELLS,58781,18
12900,,SUBMISSION,PICNIC_BASKET1,SEASHELLS,58780,16
12900,,SUBMISSION,VOLCANIC_ROCK,SEASHELLS,10203,98
12900,,SUBMISSION,VOLCANIC_ROCK,SEASHELLS,10202,54
12900,,SUBMISSION,VOLCANIC_ROCK_VOUCHER_10000,SEASHELLS,218,18
12900,,SUBMISSION,VOLCANIC_ROCK_VOUCHER_10000,SEASHELLS,218,2
12900,,SUBMISSION,VOLCANIC_ROCK_VOUCHER_9500,SEASHELLS,703,18
12900,,SUBMISSION,VOLCANIC_ROCK_VOUCHER_9500,SEASHELLS,703,2
12900,,SUBMISSION,VOLCANIC_ROCK_VOUCHER_9750,SEASHELLS,455,18
12900,,SUBMISSION,VOLCANIC_ROCK_VOUCHER_9750,SEASHELLS,455,2
12900,,,PICNIC_BASKET1,SEASHELLS,58786,2
12900,,,PICNIC_BASKET2,SEASHELLS,30090,2
12900,,,PICNIC_BASKET2,SEASHELLS,30094,8
12900,,,VOLCANIC_ROCK,SEASHELLS,10203,10
13000,,SUBMISSION,PICNIC_BASKET1,SEASHELLS,58783,1
13000,,SUBMISSION,PICNIC_BASKET2,SEASHELLS,30093,10
13000,,SUBMISSION,PICNIC_BASKET2,SEASHELLS,30093,1
13000,,SUBMISSION,PICNIC_BASKET2,SEASHELLS,30093,0
13000,,SUBMISSION,PICNIC_BASKET2,SEASHELLS,30092,11
13000,,SUBMISSION,VOLCANIC_ROCK_VOUCHER_10000,SEASHELLS,218,10
13000,,SUBMISSION,VOLCANIC_ROCK_VOUCHER_10000,SEASHELLS,218,1
13000,,SUBMISSION,VOLCANIC_ROCK_VOUCHER_9500,SEASHELLS,703,10
13000,,SUBMISSION,VOLCANIC_ROCK_VOUCHER_9500,SEASHELLS,703,1
13000,,SUBMISSION,VOLCANIC_ROCK_VOUCHER_9750,SEASHELLS,454,10
13000,,SUBMISSION,VOLCANIC_ROCK_VOUCHER_9750,SEASHELLS,454,1
13000,,,DJEMBES,SEASHELLS,13423,5
13100,SUBMISSION,,KELP,SEASHELLS,2045,5
13100,,SUBMISSION,PICNIC_BASKET1,SEASHELLS,58786,1
13100,,SUBMISSION,PICNIC_BASKET1,SEASHELLS,58785,13
13100,SUBMISSION,,SQUID_INK,SEASHELLS,1802,5
13100,,SUBMISSION,VOLCANIC_ROCK_VOUCHER_10000,SEASHELLS,221,17
13100,,SUBMISSION,VOLCANIC_ROCK_VOUCHER_10000,SEASHELLS,221,1
13100,,SUBMISSION,VOLCANIC_ROCK_VOUCHER_10250,SEASHELLS,57,17
13100,,SUBMISSION,VOLCANIC_ROCK_VOUCHER_10250,SEASHELLS,57,1
13100,,SUBMISSION,VOLCANIC_ROCK_VOUCHER_9500,SEASHELLS,704,17
13100,,SUBMISSION,VOLCANIC_ROCK_VOUCHER_9500,SEASHELLS,704,1
13100,,SUBMISSION,VOLCANIC_ROCK_VOUCHER_9750,SEASHELLS,455,17
13100,,SUBMISSION,VOLCANIC_ROCK_VOUCHER_9750,SEASHELLS,455,1
13200,SUBMISSION,,RAINFOREST_RESIN,SEASHELLS,9998,3
13200,,SUBMISSION,SQUID_INK,SEASHELLS,1804,6
13200,,SUBMISSION,SQUID_INK,SEASHELLS,1803,30
13200,,SUBMISSION,SQUID_INK,SEASHELLS,1803,1
13200,SUBMISSION,,VOLCANIC_ROCK,SEASHELLS,10201,132
13200,SUBMISSION,,VOLCANIC_ROCK,SEASHELLS,10202,49
13200,SUBMISSION,,VOLCANIC_ROCK_VOUCHER_10000,SEASHELLS,218,15
13200,SUBMISSION,,VOLCANIC_ROCK_VOUCHER_10000,SEASHELLS,218,1
13200,SUBMISSION,,VOLCANIC_ROCK_VOUCHER_10250,SEASHELLS,56,15
13200,SUBMISSION,,VOLCANIC_ROCK_VOUCHER_10250,SEASHELLS,56,1
13200,SUBMISSION,,VOLCANIC_ROCK_VOUCHER_9500,SEASHELLS,701,15
13200,SUBMISSION,,VOLCANIC_ROCK_VOUCHER_9500,SEASHELLS,701,1
13200,SUBMISSION,,VOLCANIC_ROCK_VOUCHER_9750,SEASHELLS,453,15
13200,SUBMISSION,,VOLCANIC_ROCK_VOUCHER_9750,SEASHELLS,453,1
13200,,,RAINFOREST_RESIN,SEASHELLS,9998,1
13300,SUBMISSION,,VOLCANIC_ROCK,SEASHELLS,10201,113
13300,SUBMISSION,,VOLCANIC_ROCK,SEASHELLS,10201,57
13300,SUBMISSION,,VOLCANIC_ROCK_VOUCHER_10000,SEASHELLS,218,18
13300,SUBMISSION,,VOLCANIC_ROCK_VOUCHER_10000,SEASHELLS,218,1
13300,SUBMISSION,,VOLCANIC_ROCK_VOUCHER_10250,SEASHELLS,56,18
13300,SUBMISSION,,VOLCANIC_ROCK_VOUCHER_10250,SEASHELLS,56,1
13300,SUBMISSION,,VOLCANIC_ROCK_VOUCHER_9500,SEASHELLS,701,18
13300,SUBMISSION,,VOLCANIC_ROCK_VOUCHER_9500,SEASHELLS,701,1
13300,SUBMISSION,,VOLCANIC_ROCK_VOUCHER_9750,SEASHELLS,453,18
13300,SUBMISSION,,VOLCANIC_ROCK_VOUCHER_9750,SEASHELLS,453,1
13300,,,KELP,SEASHELLS,2044,1
13300,,,SQUID_INK,SEASHELLS,1803,1
13400,,SUBMISSION,SQUID_INK,SEASHELLS,1804,1
13400,SUBMISSION,,VOLCANIC_ROCK,SEASHELLS,10200,113
13400,SUBMISSION,,VOLCANIC_ROCK,SEASHELLS,10201,43
13400,SUBMISSION,,VOLCANIC_ROCK_VOUCHER_10000,SEASHELLS,218,10
13400,SUBMISSION,,VOLCANIC_ROCK_VOUCHER_10250,SEASHELLS,56,10
13400,SUBMISSION,,VOLCANIC_ROCK_VOUCHER_9500,SEASHELLS,700,10
13400,SUBMISSION,,VOLCANIC_ROCK_VOUCHER_9750,SEASHELLS,453,10
13400,,,KELP,SEASHELLS,2044,1
13400,,,SQUID_INK,SEASHELLS,1803,1
13500,SUBMISSION,,VOLCANIC_ROCK_VOUCHER_10000,SEASHELLS,215,11
13500,SUBMISSION,,VOLCANIC_ROCK_VOUCHER_10250,SEASHELLS,55,11
13500,SUBMISSION,,VOLCANIC_ROCK_VOUCHER_10250,SEASHELLS,55,2
13500,SUBMISSION,,VOLCANIC_ROCK_VOUCHER_9500,SEASHELLS,700,11
13500,SUBMISSION,,VOLCANIC_ROCK_VOUCHER_9500,SEASHELLS,700,2
13500,SUBMISSION,,VOLCANIC_ROCK_VOUCHER_9750,SEASHELLS,452,11
13500,SUBMISSION,,VOLCANIC_ROCK_VOUCHER_9750,SEASHELLS,452,2
13600,,SUBMISSION,VOLCANIC_ROCK,SEASHELLS,10201,131
13600,,SUBMISSION,VOLCANIC_ROCK,SEASHELLS,10200,61
13600,,SUBMISSION,VOLCANIC_ROCK_VOUCHER_10000,SEASHELLS,217,14
13600,,SUBMISSION,VOLCANIC_ROCK_VOUCHER_10250,SEASHELLS,56,14
13600,,SUBMISSION,VOLCANIC_ROCK_VOUCHER_9500,SEASHELLS,702,14
13600,,SUBMISSION,VOLCANIC_ROCK_VOUCHER_9750,SEASHELLS,453,14
13700,SUBMISSION,,JAMS,SEASHELLS,6528,85
13700,SUBMISSION,,JAMS,SEASHELLS,6528,176
13700,,SUBMISSION,KELP,SEASHELLS,2047,1
13700,,SUBMISSION,SQUID_INK,SEASHELLS,1807,1
13700,SUBMISSION,,VOLCANIC_ROCK_VOUCHER_9750,SEASHELLS,452,19
13700,SUBMISSION,,VOLCANIC_ROCK_VOUCHER_9750,SEASHELLS,452,2
13700,,,VOLCANIC_ROCK_VOUCHER_10000,SEASHELLS,217,11
13700,,,VOLCANIC_ROCK_VOUCHER_10250,SEASHELLS,56,11
13700,,,VOLCANIC_ROCK_VOUCHER_9500,SEASHELLS,701,11
13800,,SUBMISSION,RAINFOREST_RESIN,SEASHELLS,10002,5
13800,,SUBMISSION,SQUID_INK,SEASHELLS,1806,2
13800,,SUBMISSION,SQUID_INK,SEASHELLS,1806,7
13800,SUBMISSION,,VOLCANIC_ROCK_VOUCHER_10000,SEASHELLS,216,14
13800,SUBMISSION,,VOLCANIC_ROCK_VOUCHER_9500,SEASHELLS,700,14
13800,,,DJEMBES,SEASHELLS,13424,10
13900,SUBMISSION,,DJEMBES,SEASHELLS,13423,19
13900,SUBMISSION,,DJEMBES,SEASHELLS,13423,33
13900,,SUBMISSION,VOLCANIC_ROCK,SEASHELLS,10200,139
13900,,SUBMISSION,VOLCANIC_ROCK_VOUCHER_10000,SEASHELLS,219,20
13900,,SUBMISSION,VOLCANIC_ROCK_VOUCHER_10000,SEASHELLS,219,2
13900,,SUBMISSION,VOLCANIC_ROCK_VOUCHER_9750,SEASHELLS,452,20
13900,,SUBMISSION,VOLCANIC_ROCK_VOUCHER_9750,SEASHELLS,452,2
14000,SUBMISSION,,DJEMBES,SEASHELLS,13424,22
14000,SUBMISSION,,DJEMBES,SEASHELLS,13424,32
14000,SUBMISSION,,VOLCANIC_ROCK,SEASHELLS,10199,102
14000,SUBMISSION,,VOLCANIC_ROCK,SEASHELLS,10199,45
14000,SUBMISSION,,VOLCANIC_ROCK_VOUCHER_10000,SEASHELLS,216,20
14000,SUBMISSION,,VOLCANIC_ROCK_VOUCHER_10000,SEASHELLS,216,2
14000,SUBMISSION,,VOLCANIC_ROCK_VOUCHER_10250,SEASHELLS,55,20
14000,SUBMISSION,,VOLCANIC_ROCK_VOUCHER_10250,SEASHELLS,55,2
14000,SUBMISSION,,VOLCANIC_ROCK_VOUCHER_9500,SEASHELLS,699,8
14000,SUBMISSION,,VOLCANIC_ROCK_VOUCHER_9750,SEASHELLS,450,20
14000,SUBMISSION,,VOLCANIC_ROCK_VOUCHER_9750,SEASHELLS,450,2
14100,SUBMISSION,,DJEMBES,SEASHELLS,13423,14
14100,SUBMISSION,,SQUID_INK,SEASHELLS,1806,7
14100,SUBMISSION,,VOLCANIC_ROCK,SEASHELLS,10195,108
14100,SUBMISSION,,VOLCANIC_ROCK,SEASHELLS,10196,67
14100,SUBMISSION,,VOLCANIC_ROCK_VOUCHER_10250,SEASHELLS,54,3
14100,SUBMISSION,,VOLCANIC_ROCK_VOUCHER_10500,SEASHELLS,7,11
14100,SUBMISSION,,VOLCANIC_ROCK_VOUCHER_10500,SEASHELLS,7,1
14100,SUBMISSION,,VOLCANIC_ROCK_VOUCHER_9750,SEASHELLS,446,9
14200,,SUBMISSION,CROISSANTS,SEASHELLS,4268,35
14200,,SUBMISSION,CROISSANTS,SEASHELLS,4268,80
14200,,SUBMISSION,JAMS,SEASHELLS,6529,80
14200,SUBMISSION,,VOLCANIC_ROCK,SEASHELLS,10194,9
14200,SUBMISSION,,VOLCANIC_ROCK_VOUCHER_10500,SEASHELLS,7,11
14200,SUBMISSION,,VOLCANIC_ROCK_VOUCHER_10500,SEASHELLS,7,2
14200,,,DJEMBES,SEASHELLS,13423,2
14200,,,RAINFOREST_RESIN,SEASHELLS,10003,6
14300,,SUBMISSION,JAMS,SEASHELLS,6529,84
14300,,,VOLCANIC_ROCK_VOUCHER_10000,SEASHELLS,210,16
14300,,,VOLCANIC_ROCK_VOUCHER_10000,SEASHELLS,210,1
14300,,,VOLCANIC_ROCK_VOUCHER_10250,SEASHELLS,52,16
14300,,,VOLCANIC_ROCK_VOUCHER_10250,SEASHELLS,52,1
14300,,,VOLCANIC_ROCK_VOUCHER_10500,SEASHELLS,6,16
14300,,,VOLCANIC_ROCK_VOUCHER_10500,SEASHELLS,6,1
14300,,,VOLCANIC_ROCK_VOUCHER_9500,SEASHELLS,692,16
14300,,,VOLCANIC_ROCK_VOUCHER_9500,SEASHELLS,692,1
14300,,,VOLCANIC_ROCK_VOUCHER_9750,SEASHELLS,444,16
14300,,,VOLCANIC_ROCK_VOUCHER_9750,SEASHELLS,444,1
14400,,,DJEMBES,SEASHELLS,13420,2
14500,,,JAMS,SEASHELLS,6529,3
14500,,,KELP,SEASHELLS,2047,2
14500,,,SQUID_INK,SEASHELLS,1807,2
14600,SUBMISSION,,CROISSANTS,SEASHELLS,4268,42
14600,SUBMISSION,,CROISSANTS,SEASHELLS,4268,77
14600,,,VOLCANIC_ROCK,SEASHELLS,10192,6
14600,,,VOLCANIC_ROCK_VOUCHER_10000,SEASHELLS,207,12
14600,,,VOLCANIC_ROCK_VOUCHER_10250,SEASHELLS,52,12
14600,,,VOLCANIC_ROCK_VOUCHER_10500,SEASHELLS,6,12
14600,,,VOLCANIC_ROCK_VOUCHER_9500,SEASHELLS,692,12
14600,,,VOLCANIC_ROCK_VOUCHER_9750,SEASHELLS,444,12
14700,SUBMISSION,,PICNIC_BASKET1,SEASHELLS,58802,2
14700,SUBMISSION,,PICNIC_BASKET1,SEASHELLS,58808,12
14700,,SUBMISSION,VOLCANIC_ROCK,SEASHELLS,10194,146
14700,,SUBMISSION,VOLCANIC_ROCK,SEASHELLS,10193,47
14700,,SUBMISSION,VOLCANIC_ROCK_VOUCHER_10000,SEASHELLS,210,12
14700,,SUBMISSION,VOLCANIC_ROCK_VOUCHER_10250,SEASHELLS,53,12
14700,,SUBMISSION,VOLCANIC_ROCK_VOUCHER_10500,SEASHELLS,7,12
14700,,SUBMISSION,VOLCANIC_ROCK_VOUCHER_9500,SEASHELLS,694,12
14700,,SUBMISSION,VOLCANIC_ROCK_VOUCHER_9750,SEASHELLS,446,12
14700,,,CROISSANTS,SEASHELLS,4268,5
14700,,,KELP,SEASHELLS,2045,2
14700,,,SQUID_INK,SEASHELLS,1805,2
14800,,SUBMISSION,DJEMBES,SEASHELLS,13421,16
14800,,SUBMISSION,VOLCANIC_ROCK,SEASHELLS,10196,108
14800,,SUBMISSION,VOLCANIC_ROCK,SEASHELLS,10195,69
14800,,SUBMISSION,VOLCANIC_ROCK_VOUCHER_10000,SEASHELLS,214,13
14800,,SUBMISSION,VOLCANIC_ROCK_VOUCHER_10000,SEASHELLS,214,1
14800,,SUBMISSION,VOLCANIC_ROCK_VOUCHER_10250,SEASHELLS,54,13
14800,,SUBMISSION,VOLCANIC_ROCK_VOUCHER_10250,SEASHELLS,54,1
14800,,SUBMISSION,VOLCANIC_ROCK_VOUCHER_10500,SEASHELLS,7,13
14800,,SUBMISSION,VOLCANIC_ROCK_VOUCHER_10500,SEASHELLS,7,1
14800,,SUBMISSION,VOLCANIC_ROCK_VOUCHER_9500,SEASHELLS,697,13
14800,,SUBMISSION,VOLCANIC_ROCK_VOUCHER_9500,SEASHELLS,697,1
14800,,SUBMISSION,VOLCANIC_ROCK_VOUCHER_9750,SEASHELLS,447,13
14800,,SUBMISSION,VOLCANIC_ROCK_VOUCHER_9750,SEASHELLS,447,1
14900,SUBMISSION,,PICNIC_BASKET1,SEASHELLS,58800,5
14900,SUBMISSION,,PICNIC_BASKET1,SEASHELLS,58805,18
14900,SUBMISSION,,PICNIC_BASKET1,SEASHELLS,58805,2
14900,SUBMISSION,,SQUID_INK,SEASHELLS,1806,6
14900,,SUBMISSION,VOLCANIC_ROCK,SEASHELLS,10195,141
14900,,SUBMISSION,VOLCANIC_ROCK_VOUCHER_10000,SEASHELLS,211,18
14900,,SUBMISSION,VOLCANIC_ROCK_VOUCHER_10000,SEASHELLS,211,2
14900,,SUBMISSION,VOLCANIC_ROCK_VOUCHER_9500,SEASHELLS,695,18
14900,,SUBMISSION,VOLCANIC_ROCK_VOUCHER_9500,SEASHELLS,695,2
14900,,SUBMISSION,VOLCANIC_ROCK_VOUCHER_9750,SEASHELLS,446,18
14900,,SUBMISSION,VOLCANIC_ROCK_VOUCHER_9750,SEASHELLS,446,2
14900,,,CROISSANTS,SEASHELLS,4268,5
15000,SUBMISSION,,DJEMBES,SEASHELLS,13418,16
15000,SUBMISSION,,JAMS,SEASHELLS,6529,79
15000,SUBMISSION,,PICNIC_BASKET1,SEASHELLS,58796,20
15000,SUBMISSION,,PICNIC_BASKET1,SEASHELLS,58797,25
15000,SUBMISSION,,SQUID_INK,SEASHELLS,1805,1
15000,,SUBMISSION,VOLCANIC_ROCK,SEASHELLS,10197,134
15000,,SUBMISSION,VOLCANIC_ROCK,SEASHELLS,10196,67
15000,,SUBMISSION,VOLCANIC_ROCK_VOUCHER_10000,SEASHELLS,212,20
15000,,SUBMISSION,VOLCANIC_ROCK_VOUCHER_10000,SEASHELLS,212,1
15000,,SUBMISSION,VOLCANIC_ROCK_VOUCHER_10250,SEASHELLS,54,20
15000,,SUBMISSION,VOLCANIC_ROCK_VOUCHER_10250,SEASHELLS,54,1
15000,,SUBMISSION,VOLCANIC_ROCK_VOUCHER_9500,SEASHELLS,697,20
15000,,SUBMISSION,VOLCANIC_ROCK_VOUCHER_9500,SEASHELLS,697,1
15000,,SUBMISSION,VOLCANIC_ROCK_VOUCHER_9750,SEASHELLS,449,20
15000,,SUBMISSION,VOLCANIC_ROCK_VOUCHER_9750,SEASHELLS,449,1
15000,,,KELP,SEASHELLS,2045,1
15000,,,PICNIC_BASKET1,SEASHELLS,58795,1
15000,,,PICNIC_BASKET1,SEASHELLS,58795,4
15000,,,PICNIC_BASKET2,SEASHELLS,30116,5
15100,SUBMISSION,,JAMS,SEASHELLS,6528,50
15100,SUBMISSION,,JAMS,SEASHELLS,6528,199
15100,SUBMISSION,,PICNIC_BASKET1,SEASHELLS,58793,1
15100,SUBMISSION,,PICNIC_BASKET1,SEASHELLS,58794,20
15100,SUBMISSION,,PICNIC_BASKET1,SEASHELLS,58794,11
15100,SUBMISSION,,PICNIC_BASKET2,SEASHELLS,30112,1
15100,SUBMISSION,,PICNIC_BASKET2,SEASHELLS,30113,20
15100,SUBMISSION,,PICNIC_BASKET2,SEASHELLS,30113,11
15100,,SUBMISSION,VOLCANIC_ROCK_VOUCHER_10000,SEASHELLS,213,11
15100,,SUBMISSION,VOLCANIC_ROCK_VOUCHER_10000,SEASHELLS,213,1
15100,,SUBMISSION,VOLCANIC_ROCK_VOUCHER_9500,SEASHELLS,697,11
15100,,SUBMISSION,VOLCANIC_ROCK_VOUCHER_9500,SEASHELLS,697,1
15100,,SUBMISSION,VOLCANIC_ROCK_VOUCHER_9750,SEASHELLS,448,11
15100,,SUBMISSION,VOLCANIC_ROCK_VOUCHER_9750,SEASHELLS,448,1
15200,SUBMISSION,,PICNIC_BASKET1,SEASHELLS,58793,4
15200,SUBMISSION,,PICNIC_BASKET2,SEASHELLS,30113,21
15200,SUBMISSION,,PICNIC_BASKET2,SEASHELLS,30113,12
15200,SUBMISSION,,SQUID_INK,SEASHELLS,1805,4
15200,SUBMISSION,,VOLCANIC_ROCK,SEASHELLS,10196,121
15200,SUBMISSION,,VOLCANIC_ROCK,SEASHELLS,10196,62
15200,,SUBMISSION,VOLCANIC_ROCK_VOUCHER_10000,SEASHELLS,215,12
15200,,SUBMISSION,VOLCANIC_ROCK_VOUCHER_10000,SEASHELLS,215,14
15200,SUBMISSION,,VOLCANIC_ROCK_VOUCHER_10250,SEASHELLS,54,12
15200,SUBMISSION,,VOLCANIC_ROCK_VOUCHER_9500,SEASHELLS,696,12
15200,SUBMISSION,,VOLCANIC_ROCK_VOUCHER_9750,SEASHELLS,447,12
15200,,,KELP,SEASHELLS,2047,2
15300,SUBMISSION,,CROISSANTS,SEASHELLS,4267,60
15300,SUBMISSION,,CROISSANTS,SEASHELLS,4267,49
15300,SUBMISSION,,PICNIC_BASKET2,SEASHELLS,30110,15
15300,SUBMISSION,,PICNIC_BASKET2,SEASHELLS,30110,2
15300,SUBMISSION,,PICNIC_BASKET2,SEASHELLS,30110,0
15300,SUBMISSION,,PICNIC_BASKET2,SEASHELLS,30111,16
15300,SUBMISSION,,SQUID_INK,SEASHELLS,1805,1
15300,SUBMISSION,,VOLCANIC_ROCK_VOUCHER_10000,SEASHELLS,212,15
15300,SUBMISSION,,VOLCANIC_ROCK_VOUCHER_10000,SEASHELLS,212,2
15300,SUBMISSION,,VOLCANIC_ROCK_VOUCHER_9500,SEASHELLS,696,15
15300,SUBMISSION,,VOLCANIC_ROCK_VOUCHER_9500,SEASHELLS,696,2
15300,SUBMISSION,,VOLCANIC_ROCK_VOUCHER_9750,SEASHELLS,447,15
15300,SUBMISSION,,VOLCANIC_ROCK_VOUCHER_9750,SEASHELLS,447,2
15300,,,PICNIC_BASKET1,SEASHELLS,58783,2
15300,,,PICNIC_BASKET1,SEASHELLS,58783,4
15400,,SUBMISSION,JAMS,SEASHELLS,6528,97
15400,SUBMISSION,,PICNIC_BASKET2,SEASHELLS,30108,14
15400,SUBMISSION,,PICNIC_BASKET2,SEASHELLS,30109,25
15400,SUBMISSION,,VOLCANIC_ROCK,SEASHELLS,10192,110
15400,SUBMISSION,,VOLCANIC_ROCK,SEASHELLS,10193,43
15400,SUBMISSION,,VOLCANIC_ROCK_VOUCHER_10000,SEASHELLS,211,14
15400,SUBMISSION,,VOLCANIC_ROCK_VOUCHER_10250,SEASHELLS,53,14
15400,SUBMISSION,,VOLCANIC_ROCK_VOUCHER_10500,SEASHELLS,7,14
15400,SUBMISSION,,VOLCANIC_ROCK_VOUCHER_9500,SEASHELLS,692,14
15400,SUBMISSION,,VOLCANIC_ROCK_VOUCHER_9750,SEASHELLS,444,14
15500,SUBMISSION,,PICNIC_BASKET2,SEASHELLS,30107,20
15500,SUBMISSION,,PICNIC_BASKET2,SEASHELLS,30107,2
15500,SUBMISSION,,RAINFOREST_RESIN,SEASHELLS,9999,1
15500,SUBMISSION,,SQUID_INK,SEASHELLS,1804,10
15500,SUBMISSION,,VOLCANIC_ROCK,SEASHELLS,10193,148
15500,SUBMISSION,,VOLCANIC_ROCK,SEASHELLS,10194,65
15500,SUBMISSION,,VOLCANIC_ROCK_VOUCHER_10000,SEASHELLS,210,20
15500,SUBMISSION,,VOLCANIC_ROCK_VOUCHER_10000,SEASHELLS,210,2
15500,SUBMISSION,,VOLCANIC_ROCK_VOUCHER_10250,SEASHELLS,53,20
15500,SUBMISSION,,VOLCANIC_ROCK_VOUCHER_10250,SEASHELLS,53,1
15500,SUBMISSION,,VOLCANIC_ROCK_VOUCHER_10500,SEASHELLS,7,20
15500,SUBMISSION,,VOLCANIC_ROCK_VOUCHER_10500,SEASHELLS,7,2
15500,SUBMISSION,,VOLCANIC_ROCK_VOUCHER_9500,SEASHELLS,693,20
15500,SUBMISSION,,VOLCANIC_ROCK_VOUCHER_9500,SEASHELLS,693,2
15500,SUBMISSION,,VOLCANIC_ROCK_VOUCHER_9750,SEASHELLS,445,20
15500,SUBMISSION,,VOLCANIC_ROCK_VOUCHER_9750,SEASHELLS,445,2
15500,,,KELP,SEASHELLS,2045,10
15600,,SUBMISSION,JAMS,SEASHELLS,6531,5
15600,,SUBMISSION,JAMS,SEASHELLS,6530,63
15600,,SUBMISSION,JAMS,SEASHELLS,6530,178
15600,,SUBMISSION,PICNIC_BASKET1,SEASHELLS,58785,3
15600,,SUBMISSION,PICNIC_BASKET2,SEASHELLS,30109,4
15600,SUBMISSION,,VOLCANIC_ROCK,SEASHELLS,10192,142
15600,SUBMISSION,,VOLCANIC_ROCK,SEASHELLS,10192,21
15600,SUBMISSION,,VOLCANIC_ROCK_VOUCHER_10000,SEASHELLS,210,19
15600,SUBMISSION,,VOLCANIC_ROCK_VOUCHER_10000,SEASHELLS,210,1
15600,SUBMISSION,,VOLCANIC_ROCK_VOUCHER_9500,SEASHELLS,692,14
15600,SUBMISSION,,VOLCANIC_ROCK_VOUCHER_9750,SEASHELLS,444,14
15600,,,PICNIC_BASKET1,SEASHELLS,58785,1
15700,,SUBMISSION,JAMS,SEASHELLS,6530,55
15700,,SUBMISSION,JAMS,SEASHELLS,6530,27
15700,SUBMISSION,,VOLCANIC_ROCK_VOUCHER_10000,SEASHELLS,207,16
15700,,,CROISSANTS,SEASHELLS,4266,9
15800,SUBMISSION,,RAINFOREST_RESIN,SEASHELLS,9999,1
15800,,,VOLCANIC_ROCK_VOUCHER_10000,SEASHELLS,209,6
15800,,,VOLCANIC_ROCK_VOUCHER_10250,SEASHELLS,51,6
15800,,,VOLCANIC_ROCK_VOUCHER_10500,SEASHELLS,6,6
15800,,,VOLCANIC_ROCK_VOUCHER_9500,SEASHELLS,690,6
15800,,,VOLCANIC_ROCK_VOUCHER_9750,SEASHELLS,442,6
15900,SUBMISSION,,RAINFOREST_RESIN,SEASHELLS,9999,1
15900,,SUBMISSION,VOLCANIC_ROCK_VOUCHER_10000,SEASHELLS,209,16
15900,,SUBMISSION,VOLCANIC_ROCK_VOUCHER_10000,SEASHELLS,209,2
15900,,SUBMISSION,VOLCANIC_ROCK_VOUCHER_10000,SEASHELLS,209,13
15900,,SUBMISSION,VOLCANIC_ROCK_VOUCHER_10250,SEASHELLS,52,16
15900,,SUBMISSION,VOLCANIC_ROCK_VOUCHER_10250,SEASHELLS,52,2
15900,,SUBMISSION,VOLCANIC_ROCK_VOUCHER_10250,SEASHELLS,52,13
15900,,SUBMISSION,VOLCANIC_ROCK_VOUCHER_9500,SEASHELLS,692,16
15900,,SUBMISSION,VOLCANIC_ROCK_VOUCHER_9500,SEASHELLS,692,2
15900,,SUBMISSION,VOLCANIC_ROCK_VOUCHER_9500,SEASHELLS,692,13
15900,,,KELP,SEASHELLS,2047,1
15900,,,SQUID_INK,SEASHELLS,1805,1
16000,,SUBMISSION,DJEMBES,SEASHELLS,13421,27
16000,,SUBMISSION,DJEMBES,SEASHELLS,13421,46
16000,,SUBMISSION,PICNIC_BASKET1,SEASHELLS,58784,10
16000,,SUBMISSION,PICNIC_BASKET2,SEASHELLS,30106,10
16000,,SUBMISSION,VOLCANIC_ROCK,SEASHELLS,10192,139
16000,,SUBMISSION,VOLCANIC_ROCK_VOUCHER_10000,SEASHELLS,211,10
16000,,SUBMISSION,VOLCANIC_ROCK_VOUCHER_10250,SEASHELLS,52,10
16000,,SUBMISSION,VOLCANIC_ROCK_VOUCHER_9500,SEASHELLS,692,10
16000,,SUBMISSION,VOLCANIC_ROCK_VOUCHER_9750,SEASHELLS,444,10
16000,,,KELP,SEASHELLS,2045,9
16000,,,SQUID_INK,SEASHELLS,1805,9
16100,,SUBMISSION,DJEMBES,SEASHELLS,13420,23
16100,,SUBMISSION,DJEMBES,SEASHELLS,13420,24
16100,,SUBMISSION,VOLCANIC_ROCK,SEASHELLS,10192,138
16100,,SUBMISSION,VOLCANIC_ROCK_VOUCHER_9500,SEASHELLS,692,19
16100,,SUBMISSION,VOLCANIC_ROCK_VOUCHER_9500,SEASHELLS,692,2
16100,,SUBMISSION,VOLCANIC_ROCK_VOUCHER_9750,SEASHELLS,444,19
16100,,SUBMISSION,VOLCANIC_ROCK_VOUCHER_9750,SEASHELLS,444,2
16100,,,JAMS,SEASHELLS,6529,9
16200,SUBMISSION,,VOLCANIC_ROCK,SEASHELLS,10191,122
16200,SUBMISSION,,VOLCANIC_ROCK_VOUCHER_10000,SEASHELLS,209,15
16200,SUBMISSION,,VOLCANIC_ROCK_VOUCHER_10000,SEASHELLS,209,1
16200,SUBMISSION,,VOLCANIC_ROCK_VOUCHER_10250,SEASHELLS,52,15
16200,SUBMISSION,,VOLCANIC_ROCK_VOUCHER_10250,SEASHELLS,52,1
16200,SUBMISSION,,VOLCANIC_ROCK_VOUCHER_9500,SEASHELLS,691,15
16200,SUBMISSION,,VOLCANIC_ROCK_VOUCHER_9500,SEASHELLS,691,1
16200,SUBMISSION,,VOLCANIC_ROCK_VOUCHER_9750,SEASHELLS,442,15
16200,SUBMISSION,,VOLCANIC_ROCK_VOUCHER_9750,SEASHELLS,442,1
16200,,,KELP,SEASHELLS,2045,1
16200,,,SQUID_INK,SEASHELLS,1805,1
16300,SUBMISSION,,KELP,SEASHELLS,2046,2
16300,,SUBMISSION,VOLCANIC_ROCK_VOUCHER_10000,SEASHELLS,210,13
16300,,SUBMISSION,VOLCANIC_ROCK_VOUCHER_10000,SEASHELLS,210,1
16300,,SUBMISSION,VOLCANIC_ROCK_VOUCHER_9750,SEASHELLS,444,13
16300,,SUBMISSION,VOLCANIC_ROCK_VOUCHER_9750,SEASHELLS,444,1
16400,,SUBMISSION,RAINFOREST_RESIN,SEASHELLS,10001,1
16400,SUBMISSION,,SQUID_INK,SEASHELLS,1805,7
16400,,SUBMISSION,VOLCANIC_ROCK_VOUCHER_10000,SEASHELLS,211,11
16400,,SUBMISSION,VOLCANIC_ROCK_VOUCHER_10000,SEASHELLS,211,1
16400,,,PICNIC_BASKET1,SEASHELLS,58775,1
16400,,,PICNIC_BASKET2,SEASHELLS,30102,6
16500,SUBMISSION,,RAINFOREST_RESIN,SEASHELLS,9999,1
16500,,SUBMISSION,VOLCANIC_ROCK,SEASHELLS,10192,131
16500,,SUBMISSION,VOLCANIC_ROCK_VOUCHER_9750,SEASHELLS,444,11
16600,SUBMISSION,,VOLCANIC_ROCK,SEASHELLS,10191,101
16600,SUBMISSION,,VOLCANIC_ROCK_VOUCHER_10000,SEASHELLS,209,13
16600,SUBMISSION,,VOLCANIC_ROCK_VOUCHER_10000,SEASHELLS,209,1
16600,SUBMISSION,,VOLCANIC_ROCK_VOUCHER_10250,SEASHELLS,52,13
16600,SUBMISSION,,VOLCANIC_ROCK_VOUCHER_10250,SEASHELLS,52,1
16600,SUBMISSION,,VOLCANIC_ROCK_VOUCHER_9750,SEASHELLS,443,13
16600,SUBMISSION,,VOLCANIC_ROCK_VOUCHER_9750,SEASHELLS,443,1
16700,SUBMISSION,,VOLCANIC_ROCK,SEASHELLS,10191,127
16700,SUBMISSION,,VOLCANIC_ROCK_VOUCHER_10000,SEASHELLS,207,16
16700,SUBMISSION,,VOLCANIC_ROCK_VOUCHER_10000,SEASHELLS,207,2
16700,SUBMISSION,,VOLCANIC_ROCK_VOUCHER_10250,SEASHELLS,52,11
16700,SUBMISSION,,VOLCANIC_ROCK_VOUCHER_9500,SEASHELLS,691,16
16700,SUBMISSION,,VOLCANIC_ROCK_VOUCHER_9500,SEASHELLS,691,2
16700,SUBMISSION,,VOLCANIC_ROCK_VOUCHER_9750,SEASHELLS,443,16
16700,SUBMISSION,,VOLCANIC_ROCK_VOUCHER_9750,SEASHELLS,443,2
16800,,SUBMISSION,KELP,SEASHELLS,2047,4
16800,,SUBMISSION,PICNIC_BASKET1,SEASHELLS,58780,1
16800,SUBMISSION,,PICNIC_BASKET2,SEASHELLS,30102,17
16800,SUBMISSION,,PICNIC_BASKET2,SEASHELLS,30102,1
16800,,SUBMISSION,SQUID_INK,SEASHELLS,1806,4
16800,,SUBMISSION,SQUID_INK,SEASHELLS,1806,4
16800,,SUBMISSION,VOLCANIC_ROCK,SEASHELLS,10192,148
16800,,SUBMISSION,VOLCANIC_ROCK_VOUCHER_10000,SEASHELLS,210,17
16800,,SUBMISSION,VOLCANIC_ROCK_VOUCHER_10000,SEASHELLS,210,1
16800,,SUBMISSION,VOLCANIC_ROCK_VOUCHER_10000,SEASHELLS,210,13
16800,,SUBMISSION,VOLCANIC_ROCK_VOUCHER_9500,SEASHELLS,693,17
16800,,SUBMISSION,VOLCANIC_ROCK_VOUCHER_9500,SEASHELLS,693,1
16800,,SUBMISSION,VOLCANIC_ROCK_VOUCHER_9500,SEASHELLS,693,13
16800,,SUBMISSION,VOLCANIC_ROCK_VOUCHER_9750,SEASHELLS,444,17
16800,,SUBMISSION,VOLCANIC_ROCK_VOUCHER_9750,SEASHELLS,444,1
16800,,SUBMISSION,VOLCANIC_ROCK_VOUCHER_9750,SEASHELLS,444,13
16900,,SUBMISSION,VOLCANIC_ROCK,SEASHELLS,10193,111
16900,,SUBMISSION,VOLCANIC_ROCK,SEASHELLS,10193,73
16900,,SUBMISSION,VOLCANIC_ROCK_VOUCHER_10000,SEASHELLS,213,19
16900,,SUBMISSION,VOLCANIC_ROCK_VOUCHER_10000,SEASHELLS,213,1
16900,,SUBMISSION,VOLCANIC_ROCK_VOUCHER_9500,SEASHELLS,694,19
16900,,SUBMISSION,VOLCANIC_ROCK_VOUCHER_9500,SEASHELLS,694,1
16900,,SUBMISSION,VOLCANIC_ROCK_VOUCHER_9750,SEASHELLS,445,19
16900,,SUBMISSION,VOLCANIC_ROCK_VOUCHER_9750,SEASHELLS,445,1
16900,,,CROISSANTS,SEASHELLS,4265,6
17000,,SUBMISSION,VOLCANIC_ROCK,SEASHELLS,10195,102
17000,,SUBMISSION,VOLCANIC_ROCK,SEASHELLS,10194,75
17000,,SUBMISSION,VOLCANIC_ROCK_VOUCHER_10000,SEASHELLS,213,18
17000,,SUBMISSION,VOLCANIC_ROCK_VOUCHER_10000,SEASHELLS,213,2
17000,,SUBMISSION,VOLCANIC_ROCK_VOUCHER_10250,SEASHELLS,53,18
17000,,SUBMISSION,VOLCANIC_ROCK_VOUCHER_10250,SEASHELLS,53,2
17000,,SUBMISSION,VOLCANIC_ROCK_VOUCHER_10500,SEASHELLS,7,18
17000,,SUBMISSION,VOLCANIC_ROCK_VOUCHER_10500,SEASHELLS,7,2
17000,,SUBMISSION,VOLCANIC_ROCK_VOUCHER_9500,SEASHELLS,695,18
17000,,SUBMISSION,VOLCANIC_ROCK_VOUCHER_9500,SEASHELLS,695,2
17000,,SUBMISSION,VOLCANIC_ROCK_VOUCHER_9750,SEASHELLS,447,18
17000,,SUBMISSION,VOLCANIC_ROCK_VOUCHER_9750,SEASHELLS,447,2
17000,,,DJEMBES,SEASHELLS,13427,2
17100,,SUBMISSION,PICNIC_BASKET1,SEASHELLS,58786,2
17100,,SUBMISSION,PICNIC_BASKET1,SEASHELLS,58785,16
17100,,SUBMISSION,VOLCANIC_ROCK,SEASHELLS,10194,148
17100,,SUBMISSION,VOLCANIC_ROCK_VOUCHER_10250,SEASHELLS,53,16
17100,,SUBMISSION,VOLCANIC_ROCK_VOUCHER_10250,SEASHELLS,53,2
17100,,SUBMISSION,VOLCANIC_ROCK_VOUCHER_9500,SEASHELLS,695,16
17100,,SUBMISSION,VOLCANIC_ROCK_VOUCHER_9500,SEASHELLS,695,2
17100,,SUBMISSION,VOLCANIC_ROCK_VOUCHER_9750,SEASHELLS,446,16
17100,,SUBMISSION,VOLCANIC_ROCK_VOUCHER_9750,SEASHELLS,446,2
17100,,,KELP,SEASHELLS,2048,2
17100,,,SQUID_INK,SEASHELLS,1806,2
17200,SUBMISSION,,DJEMBES,SEASHELLS,13427,15
17200,SUBMISSION,,DJEMBES,SEASHELLS,13427,41
17200,SUBMISSION,,KELP,SEASHELLS,2046,6
17200,,SUBMISSION,PICNIC_BASKET1,SEASHELLS,58787,1
17200,SUBMISSION,,RAINFOREST_RESIN,SEASHELLS,9999,1
17200,SUBMISSION,,SQUID_INK,SEASHELLS,1803,6
17300,SUBMISSION,,PICNIC_BASKET2,SEASHELLS,30098,5
17300,,SUBMISSION,RAINFOREST_RESIN,SEASHELLS,10001,1
17300,,SUBMISSION,VOLCANIC_ROCK_VOUCHER_10000,SEASHELLS,215,12
17300,,,JAMS,SEASHELLS,6532,11
17300,,,RAINFOREST_RESIN,SEASHELLS,9992,2
17400,SUBMISSION,,PICNIC_BASKET1,SEASHELLS,58787,12
17400,SUBMISSION,,PICNIC_BASKET2,SEASHELLS,30097,12
17400,SUBMISSION,,PICNIC_BASKET2,SEASHELLS,30098,19
17400,SUBMISSION,,SQUID_INK,SEASHELLS,1801,22
17400,SUBMISSION,,VOLCANIC_ROCK_VOUCHER_10000,SEASHELLS,211,12
17500,,SUBMISSION,DJEMBES,SEASHELLS,13428,20
17500,,SUBMISSION,DJEMBES,SEASHELLS,13428,36
17500,,SUBMISSION,KELP,SEASHELLS,2047,1
17500,SUBMISSION,,PICNIC_BASKET1,SEASHELLS,58786,1
17500,SUBMISSION,,PICNIC_BASKET2,SEASHELLS,30095,1
17500,SUBMISSION,,SQUID_INK,SEASHELLS,1800,30
17500,SUBMISSION,,SQUID_INK,SEASHELLS,1800,1
17500,,SUBMISSION,VOLCANIC_ROCK,SEASHELLS,10199,85
17500,,SUBMISSION,VOLCANIC_ROCK_VOUCHER_10000,SEASHELLS,216,19
17500,,SUBMISSION,VOLCANIC_ROCK_VOUCHER_10000,SEASHELLS,216,1
17500,,SUBMISSION,VOLCANIC_ROCK_VOUCHER_10250,SEASHELLS,55,19
17500,,SUBMISSION,VOLCANIC_ROCK_VOUCHER_10250,SEASHELLS,55,1
17500,,SUBMISSION,VOLCANIC_ROCK_VOUCHER_10500,SEASHELLS,7,19
17500,,SUBMISSION,VOLCANIC_ROCK_VOUCHER_10500,SEASHELLS,7,1
17500,,SUBMISSION,VOLCANIC_ROCK_VOUCHER_9500,SEASHELLS,699,19
17500,,SUBMISSION,VOLCANIC_ROCK_VOUCHER_9500,SEASHELLS,699,1
17500,,SUBMISSION,VOLCANIC_ROCK_VOUCHER_9750,SEASHELLS,450,19
17500,,SUBMISSION,VOLCANIC_ROCK_VOUCHER_9750,SEASHELLS,450,1
17600,SUBMISSION,,PICNIC_BASKET1,SEASHELLS,58781,2
17600,SUBMISSION,,PICNIC_BASKET1,SEASHELLS,58782,16
17600,SUBMISSION,,PICNIC_BASKET1,SEASHELLS,58783,2
17600,,,CROISSANTS,SEASHELLS,4264,6
17600,,,VOLCANIC_ROCK_VOUCHER_10000,SEASHELLS,218,16
17600,,,VOLCANIC_ROCK_VOUCHER_10000,SEASHELLS,218,2
17600,,,VOLCANIC_ROCK_VOUCHER_10250,SEASHELLS,55,16
17600,,,VOLCANIC_ROCK_VOUCHER_10250,SEASHELLS,55,2
17600,,,VOLCANIC_ROCK_VOUCHER_10500,SEASHELLS,7,16
17600,,,VOLCANIC_ROCK_VOUCHER_10500,SEASHELLS,7,2
17600,,,VOLCANIC_ROCK_VOUCHER_9500,SEASHELLS,700,16
17600,,,VOLCANIC_ROCK_VOUCHER_9500,SEASHELLS,700,2
17600,,,VOLCANIC_ROCK_VOUCHER_9750,SEASHELLS,452,16
17600,,,VOLCANIC_ROCK_VOUCHER_9750,SEASHELLS,452,2
17700,,SUBMISSION,SQUID_INK,SEASHELLS,1802,3
17700,,SUBMISSION,SQUID_INK,SEASHELLS,1801,23
17700,,SUBMISSION,VOLCANIC_ROCK_VOUCHER_10250,SEASHELLS,55,13
17700,,SUBMISSION,VOLCANIC_ROCK_VOUCHER_9500,SEASHELLS,700,13
17700,,SUBMISSION,VOLCANIC_ROCK_VOUCHER_9750,SEASHELLS,452,13
17700,,,JAMS,SEASHELLS,6532,8
17700,,,JAMS,SEASHELLS,6533,10
17800,,SUBMISSION,SQUID_INK,SEASHELLS,1802,28
17800,,SUBMISSION,VOLCANIC_ROCK_VOUCHER_10000,SEASHELLS,217,20
17900,SUBMISSION,,DJEMBES,SEASHELLS,13428,28
17900,SUBMISSION,,DJEMBES,SEASHELLS,13428,46
17900,SUBMISSION,,JAMS,SEASHELLS,6532,50
17900,,SUBMISSION,SQUID_INK,SEASHELLS,1802,27
17900,,SUBMISSION,SQUID_INK,SEASHELLS,1802,1
17900,SUBMISSION,,VOLCANIC_ROCK,SEASHELLS,10199,141
17900,SUBMISSION,,VOLCANIC_ROCK_VOUCHER_10250,SEASHELLS,55,10
17900,SUBMISSION,,VOLCANIC_ROCK_VOUCHER_10250,SEASHELLS,55,1
17900,SUBMISSION,,VOLCANIC_ROCK_VOUCHER_9500,SEASHELLS,699,10
17900,SUBMISSION,,VOLCANIC_ROCK_VOUCHER_9500,SEASHELLS,699,1
17900,SUBMISSION,,VOLCANIC_ROCK_VOUCHER_9750,SEASHELLS,450,10
17900,SUBMISSION,,VOLCANIC_ROCK_VOUCHER_9750,SEASHELLS,450,1
17900,,,CROISSANTS,SEASHELLS,4264,8
17900,,,KELP,SEASHELLS,2047,3
17900,,,KELP,SEASHELLS,2047,1
17900,,,KELP,SEASHELLS,2045,1
17900,,,SQUID_INK,SEASHELLS,1804,3
17900,,,SQUID_INK,SEASHELLS,1804,1
18000,,SUBMISSION,SQUID_INK,SEASHELLS,1804,1
18000,,SUBMISSION,SQUID_INK,SEASHELLS,1803,4
18000,SUBMISSION,,VOLCANIC_ROCK_VOUCHER_10000,SEASHELLS,216,17
18000,SUBMISSION,,VOLCANIC_ROCK_VOUCHER_10000,SEASHELLS,216,1
18000,SUBMISSION,,VOLCANIC_ROCK_VOUCHER_9750,SEASHELLS,451,17
18000,SUBMISSION,,VOLCANIC_ROCK_VOUCHER_9750,SEASHELLS,451,1
18000,,,JAMS,SEASHELLS,6531,8
18100,SUBMISSION,,DJEMBES,SEASHELLS,13426,21
18100,SUBMISSION,,DJEMBES,SEASHELLS,13427,25
18100,,SUBMISSION,VOLCANIC_ROCK,SEASHELLS,10201,141
18100,,SUBMISSION,VOLCANIC_ROCK_VOUCHER_10000,SEASHELLS,217,14
18100,,SUBMISSION,VOLCANIC_ROCK_VOUCHER_10000,SEASHELLS,217,1
18100,,SUBMISSION,VOLCANIC_ROCK_VOUCHER_10250,SEASHELLS,55,14
18100,,SUBMISSION,VOLCANIC_ROCK_VOUCHER_10250,SEASHELLS,55,1
18100,,SUBMISSION,VOLCANIC_ROCK_VOUCHER_9500,SEASHELLS,701,14
18100,,SUBMISSION,VOLCANIC_ROCK_VOUCHER_9500,SEASHELLS,701,1
18100,,SUBMISSION,VOLCANIC_ROCK_VOUCHER_9750,SEASHELLS,453,14
18100,,SUBMISSION,VOLCANIC_ROCK_VOUCHER_9750,SEASHELLS,453,1
18200,SUBMISSION,,SQUID_INK,SEASHELLS,1795,7
18200,SUBMISSION,,SQUID_INK,SEASHELLS,1796,26
18200,SUBMISSION,,SQUID_INK,SEASHELLS,1796,1
18200,,SUBMISSION,VOLCANIC_ROCK_VOUCHER_10000,SEASHELLS,220,12
18200,,SUBMISSION,VOLCANIC_ROCK_VOUCHER_10000,SEASHELLS,220,1
18200,,SUBMISSION,VOLCANIC_ROCK_VOUCHER_10250,SEASHELLS,56,12
18200,,SUBMISSION,VOLCANIC_ROCK_VOUCHER_10250,SEASHELLS,56,1
18200,,SUBMISSION,VOLCANIC_ROCK_VOUCHER_9500,SEASHELLS,704,1
18200,,SUBMISSION,VOLCANIC_ROCK_VOUCHER_9500,SEASHELLS,703,12
18200,,SUBMISSION,VOLCANIC_ROCK_VOUCHER_9750,SEASHELLS,455,12
18200,,SUBMISSION,VOLCANIC_ROCK_VOUCHER_9750,SEASHELLS,455,1
18300,,SUBMISSION,KELP,SEASHELLS,2047,1
18300,SUBMISSION,,SQUID_INK,SEASHELLS,1800,22
18300,SUBMISSION,,SQUID_INK,SEASHELLS,1800,1
18300,,,JAMS,SEASHELLS,6531,8
18300,,,SQUID_INK,SEASHELLS,1799,1
18400,,SUBMISSION,CROISSANTS,SEASHELLS,4264,47
18400,,SUBMISSION,PICNIC_BASKET2,SEASHELLS,30087,11
18400,,SUBMISSION,PICNIC_BASKET2,SEASHELLS,30087,1
18400,SUBMISSION,,SQUID_INK,SEASHELLS,1798,26
18400,SUBMISSION,,SQUID_INK,SEASHELLS,1798,1
18400,SUBMISSION,,VOLCANIC_ROCK,SEASHELLS,10199,134
18400,SUBMISSION,,VOLCANIC_ROCK,SEASHELLS,10199,64
18400,SUBMISSION,,VOLCANIC_ROCK_VOUCHER_10000,SEASHELLS,214,11
18400,SUBMISSION,,VOLCANIC_ROCK_VOUCHER_10000,SEASHELLS,214,1
18400,SUBMISSION,,VOLCANIC_ROCK_VOUCHER_10250,SEASHELLS,55,11
18400,SUBMISSION,,VOLCANIC_ROCK_VOUCHER_10250,SEASHELLS,55,1
18400,SUBMISSION,,VOLCANIC_ROCK_VOUCHER_9500,SEASHELLS,699,11
