timestamp,buyer,seller,symbol,currency,price,quantity
0,,,CROISSANTS,SEASHELLS,4265,8
0,,,JAMS,SEASHELLS,6519,6
100,,,KELP,SEASHELLS,2046,7
100,,,SQUID_INK,SEASHELLS,1802,7
200,,,DJEMBES,SEASHELLS,13420,2
300,,,JAMS,SEASHELLS,6520,10
400,,,CROISSANTS,SEASHELLS,4267,5
500,SUBMISSION,,SQUID_INK,SEASHELLS,1804,22
800,,,CROISSANTS,SEASHELLS,4266,5
800,,,KELP,SEASHELLS,2044,1
800,,,KELP,SEASHELLS,2044,1
800,,,SQUID_INK,SEASHELLS,1805,1
800,,,SQUID_INK,SEASHELLS,1805,1
900,,,JAMS,SEASHELLS,6521,9
1000,,,PICNIC_BASKET1,SEASHELLS,58719,7
1000,,,RAINFOREST_RESIN,SEASHELLS,9998,3
1100,,,JAMS,SEASHELLS,6523,5
1200,SUBMISSION,,SQUID_INK,SEASHELLS,1807,22
1200,SUBMISSION,,SQUID_INK,SEASHELLS,1807,2
1200,,,VOLCANIC_ROCK_VOUCHER_10000,SEASHELLS,230,15
1200,,,VOLCANIC_ROCK_VOUCHER_10250,SEASHELLS,62,15
1200,,,VOLCANIC_ROCK_VOUCHER_10500,SEASHELLS,8,15
1200,,,VOLCANIC_ROCK_VOUCHER_9500,SEASHELLS,716,15
1200,,,VOLCANIC_ROCK_VOUCHER_9750,SEASHELLS,467,15
1300,,,KELP,SEASHELLS,2043,1
1300,,,KELP,SEASHELLS,2043,2
1300,,,RAINFOREST_RESIN,SEASHELLS,10001,1
1300,,,SQUID_INK,SEASHELLS,1804,1
1300,,,SQUID_INK,SEASHELLS,1803,2
1400,,,KELP,SEASHELLS,2044,2
1400,,,RAINFOREST_RESIN,SEASHELLS,10002,4
1400,,,SQUID_INK,SEASHELLS,1805,2
1500,SUBMISSION,,SQUID_INK,SEASHELLS,1807,4
1500,,,KELP,SEASHELLS,2044,1
1500,,,SQUID_INK,SEASHELLS,1804,1
1700,,,RAINFOREST_RESIN,SEASHELLS,10002,4
1700,,,VOLCANIC_ROCK,SEASHELLS,10216,2
1800,,,KELP,SEASHELLS,2045,3
1800,,,KELP,SEASHELLS,2045,2
1800,,,SQUID_INK,SEASHELLS,1804,3
1800,,,SQUID_INK,SEASHELLS,1804,2
1900,,,VOLCANIC_ROCK,SEASHELLS,10224,9
2000,,,JAMS,SEASHELLS,6522,4
2100,,,PICNIC_BASKET1,SEASHELLS,58720,9
2100,,,PICNIC_BASKET2,SEASHELLS,30110,9
2100,,,VOLCANIC_ROCK_VOUCHER_10000,SEASHELLS,240,13
2100,,,VOLCANIC_ROCK_VOUCHER_10250,SEASHELLS,66,13
2100,,,VOLCANIC_ROCK_VOUCHER_9500,SEASHELLS,725,13
2100,,,VOLCANIC_ROCK_VOUCHER_9750,SEASHELLS,476,13
2300,,,CROISSANTS,SEASHELLS,4267,10
2300,,,RAINFOREST_RESIN,SEASHELLS,10003,7
2400,,,RAINFOREST_RESIN,SEASHELLS,10008,1
2500,,,DJEMBES,SEASHELLS,13418,5
2500,,,JAMS,SEASHELLS,6520,9
2500,,,RAINFOREST_RESIN,SEASHELLS,9992,2
2600,,,KELP,SEASHELLS,2043,6
2600,,,KELP,SEASHELLS,2043,1
2600,,,KELP,SEASHELLS,2044,1
2600,,,SQUID_INK,SEASHELLS,1803,6
2600,,,SQUID_INK,SEASHELLS,1803,1
2600,,,SQUID_INK,SEASHELLS,1804,1
2600,,,VOLCANIC_ROCK,SEASHELLS,10220,5
2700,,,JAMS,SEASHELLS,6520,5
2700,,,JAMS,SEASHELLS,6522,9
2800,,SUBMISSION,SQUID_INK,SEASHELLS,1803,30
2800,,SUBMISSION,SQUID_INK,SEASHELLS,1803,2
2900,,,CROISSANTS,SEASHELLS,4267,9
3000,,,KELP,SEASHELLS,2044,1
3300,,,DJEMBES,SEASHELLS,13419,4
3500,,SUBMISSION,SQUID_INK,SEASHELLS,1806,29
3600,SUBMISSION,,SQUID_INK,SEASHELLS,1808,3
3600,SUBMISSION,,SQUID_INK,SEASHELLS,1809,25
3700,,SUBMISSION,SQUID_INK,SEASHELLS,1806,2
3700,,SUBMISSION,SQUID_INK,SEASHELLS,1806,20
3700,,,KELP,SEASHELLS,2043,1
3700,,,SQUID_INK,SEASHELLS,1806,1
3800,,,KELP,SEASHELLS,2047,2
3800,,,SQUID_INK,SEASHELLS,1809,2
3900,,,KELP,SEASHELLS,2045,1
3900,,,SQUID_INK,SEASHELLS,1807,1
4000,SUBMISSION,,SQUID_INK,SEASHELLS,1808,22
4000,SUBMISSION,,SQUID_INK,SEASHELLS,1808,1
4100,,,KELP,SEASHELLS,2045,3
4100,,,SQUID_INK,SEASHELLS,1807,3
4100,,,SQUID_INK,SEASHELLS,1807,1
4100,,,VOLCANIC_ROCK_VOUCHER_10000,SEASHELLS,232,10
4100,,,VOLCANIC_ROCK_VOUCHER_10000,SEASHELLS,232,2
4100,,,VOLCANIC_ROCK_VOUCHER_10500,SEASHELLS,8,10
4100,,,VOLCANIC_ROCK_VOUCHER_10500,SEASHELLS,8,2
4100,,,VOLCANIC_ROCK_VOUCHER_9500,SEASHELLS,717,10
4100,,,VOLCANIC_ROCK_VOUCHER_9500,SEASHELLS,717,2
4100,,,VOLCANIC_ROCK_VOUCHER_9750,SEASHELLS,468,10
4100,,,VOLCANIC_ROCK_VOUCHER_9750,SEASHELLS,468,2
4300,,,KELP,SEASHELLS,2044,4
4300,,,KELP,SEASHELLS,2044,1
4300,,,SQUID_INK,SEASHELLS,1801,4
4300,,,SQUID_INK,SEASHELLS,1801,1
4500,,SUBMISSION,SQUID_INK,SEASHELLS,1801,24
4500,,SUBMISSION,SQUID_INK,SEASHELLS,1801,1
4500,,,KELP,SEASHELLS,2044,1
4500,,,SQUID_INK,SEASHELLS,1801,1
4600,,,CROISSANTS,SEASHELLS,4268,8
4600,,,RAINFOREST_RESIN,SEASHELLS,10008,8
4900,,,CROISSANTS,SEASHELLS,4267,5
5000,,,RAINFOREST_RESIN,SEASHELLS,10002,4
5100,,,KELP,SEASHELLS,2044,8
5100,,,RAINFOREST_RESIN,SEASHELLS,10000,2
5200,SUBMISSION,,SQUID_INK,SEASHELLS,1807,30
5200,,,RAINFOREST_RESIN,SEASHELLS,9998,3
5300,,,KELP,SEASHELLS,2044,7
5300,,,RAINFOREST_RESIN,SEASHELLS,9992,7
5300,,,SQUID_INK,SEASHELLS,1804,7
5500,SUBMISSION,,SQUID_INK,SEASHELLS,1807,27
5700,,,JAMS,SEASHELLS,6522,7
5700,,,KELP,SEASHELLS,2044,2
5700,,,SQUID_INK,SEASHELLS,1805,2
5800,,,RAINFOREST_RESIN,SEASHELLS,9992,6
5900,,,VOLCANIC_ROCK,SEASHELLS,10222,5
6000,,,RAINFOREST_RESIN,SEASHELLS,9992,4
6100,,,CROISSANTS,SEASHELLS,4266,7
6300,,,KELP,SEASHELLS,2044,10
6300,,,KELP,SEASHELLS,2044,1
6300,,,RAINFOREST_RESIN,SEASHELLS,10008,4
6300,,,SQUID_INK,SEASHELLS,1806,10
6300,,,SQUID_INK,SEASHELLS,1806,1
6400,,,KELP,SEASHELLS,2044,1
6400,,,SQUID_INK,SEASHELLS,1806,1
6600,,,CROISSANTS,SEASHELLS,4265,8
6700,,,DJEMBES,SEASHELLS,13416,4
6700,,,RAINFOREST_RESIN,SEASHELLS,9998,3
6900,,,CROISSANTS,SEASHELLS,4265,7
6900,,,RAINFOREST_RESIN,SEASHELLS,10008,1
7200,,,CROISSANTS,SEASHELLS,4267,4
7300,,SUBMISSION,SQUID_INK,SEASHELLS,1807,23
7300,,,RAINFOREST_RESIN,SEASHELLS,10002,4
7400,,SUBMISSION,SQUID_INK,SEASHELLS,1807,22
7400,,SUBMISSION,SQUID_INK,SEASHELLS,1807,1
7500,,SUBMISSION,SQUID_INK,SEASHELLS,1808,30
7500,,SUBMISSION,SQUID_INK,SEASHELLS,1808,2
7500,,,KELP,SEASHELLS,2045,5
7500,,,SQUID_INK,SEASHELLS,1809,5
7500,,,VOLCANIC_ROCK,SEASHELLS,10229,6
7700,,,KELP,SEASHELLS,2046,1
7700,,,SQUID_INK,SEASHELLS,1810,1
7800,,,DJEMBES,SEASHELLS,13410,4
7800,,,RAINFOREST_RESIN,SEASHELLS,10002,5
8000,,,KELP,SEASHELLS,2046,1
8000,,,KELP,SEASHELLS,2047,2
8000,,,SQUID_INK,SEASHELLS,1810,1
8000,,,SQUID_INK,SEASHELLS,1811,2
8100,,,KELP,SEASHELLS,2044,1
8100,,,SQUID_INK,SEASHELLS,1808,1
8200,,,RAINFOREST_RESIN,SEASHELLS,10008,2
8600,,,DJEMBES,SEASHELLS,13410,2
8700,,,RAINFOREST_RESIN,SEASHELLS,9992,2
8800,,,RAINFOREST_RESIN,SEASHELLS,9997,4
8800,,,RAINFOREST_RESIN,SEASHELLS,9992,1
9000,SUBMISSION,,SQUID_INK,SEASHELLS,1812,22
9100,,,KELP,SEASHELLS,2044,1
9100,,,RAINFOREST_RESIN,SEASHELLS,10002,1
9100,,,SQUID_INK,SEASHELLS,1809,1
9400,,,VOLCANIC_ROCK_VOUCHER_10000,SEASHELLS,234,19
9400,,,VOLCANIC_ROCK_VOUCHER_10000,SEASHELLS,234,1
9400,,,VOLCANIC_ROCK_VOUCHER_10250,SEASHELLS,65,19
9400,,,VOLCANIC_ROCK_VOUCHER_10250,SEASHELLS,65,1
9400,,,VOLCANIC_ROCK_VOUCHER_10500,SEASHELLS,9,19
9400,,,VOLCANIC_ROCK_VOUCHER_10500,SEASHELLS,9,1
9400,,,VOLCANIC_ROCK_VOUCHER_9500,SEASHELLS,722,19
9400,,,VOLCANIC_ROCK_VOUCHER_9500,SEASHELLS,722,1
9400,,,VOLCANIC_ROCK_VOUCHER_9750,SEASHELLS,474,19
9400,,,VOLCANIC_ROCK_VOUCHER_9750,SEASHELLS,474,1
9500,,,CROISSANTS,SEASHELLS,4269,6
9600,,,KELP,SEASHELLS,2044,1
9600,,,KELP,SEASHELLS,2045,3
9600,,,RAINFOREST_RESIN,SEASHELLS,9999,1
9600,,,SQUID_INK,SEASHELLS,1808,1
9600,,,SQUID_INK,SEASHELLS,1808,3
9700,,,KELP,SEASHELLS,2044,1
9700,,,SQUID_INK,SEASHELLS,1805,1
9800,,,RAINFOREST_RESIN,SEASHELLS,9998,3
9900,,SUBMISSION,SQUID_INK,SEASHELLS,1805,21
9900,,SUBMISSION,SQUID_INK,SEASHELLS,1805,1
9900,,,DJEMBES,SEASHELLS,13415,1
10000,,,CROISSANTS,SEASHELLS,4270,5
10000,,,VOLCANIC_ROCK_VOUCHER_10000,SEASHELLS,236,11
10000,,,VOLCANIC_ROCK_VOUCHER_10250,SEASHELLS,65,11
10000,,,VOLCANIC_ROCK_VOUCHER_10500,SEASHELLS,9,11
10000,,,VOLCANIC_ROCK_VOUCHER_9500,SEASHELLS,724,11
10000,,,VOLCANIC_ROCK_VOUCHER_9750,SEASHELLS,475,11
10100,,SUBMISSION,SQUID_INK,SEASHELLS,1805,1
10100,,SUBMISSION,SQUID_INK,SEASHELLS,1804,21
10200,,,VOLCANIC_ROCK_VOUCHER_10000,SEASHELLS,235,14
10200,,,VOLCANIC_ROCK_VOUCHER_10250,SEASHELLS,65,14
10200,,,VOLCANIC_ROCK_VOUCHER_10500,SEASHELLS,9,14
10200,,,VOLCANIC_ROCK_VOUCHER_9500,SEASHELLS,723,14
10200,,,VOLCANIC_ROCK_VOUCHER_9750,SEASHELLS,474,14
10300,,,RAINFOREST_RESIN,SEASHELLS,9992,2
10600,SUBMISSION,,SQUID_INK,SEASHELLS,1805,23
10600,SUBMISSION,,SQUID_INK,SEASHELLS,1805,1
10700,SUBMISSION,,SQUID_INK,SEASHELLS,1804,21
10700,SUBMISSION,,SQUID_INK,SEASHELLS,1804,1
10800,SUBMISSION,,SQUID_INK,SEASHELLS,1802,1
10800,SUBMISSION,,SQUID_INK,SEASHELLS,1804,23
10800,,,KELP,SEASHELLS,2046,1
10800,,,RAINFOREST_RESIN,SEASHELLS,10008,8
10900,,,KELP,SEASHELLS,2044,4
10900,,,SQUID_INK,SEASHELLS,1800,4
11000,,SUBMISSION,SQUID_INK,SEASHELLS,1799,21
11000,,SUBMISSION,SQUID_INK,SEASHELLS,1799,1
11100,SUBMISSION,,SQUID_INK,SEASHELLS,1803,5
11200,,SUBMISSION,SQUID_INK,SEASHELLS,1800,27
11200,,SUBMISSION,SQUID_INK,SEASHELLS,1800,1
11300,SUBMISSION,,SQUID_INK,SEASHELLS,1800,4
11300,SUBMISSION,,SQUID_INK,SEASHELLS,1801,26
11300,,,RAINFOREST_RESIN,SEASHELLS,10008,1
11400,,,KELP,SEASHELLS,2046,1
11400,,,KELP,SEASHELLS,2045,2
11400,,,SQUID_INK,SEASHELLS,1800,1
11400,,,SQUID_INK,SEASHELLS,1799,2
11500,,,CROISSANTS,SEASHELLS,4268,8
11500,,,VOLCANIC_ROCK,SEASHELLS,10211,8
11600,,,JAMS,SEASHELLS,6520,8
11800,,SUBMISSION,SQUID_INK,SEASHELLS,1798,8
11800,,SUBMISSION,SQUID_INK,SEASHELLS,1797,22
11800,,,KELP,SEASHELLS,2044,1
11800,,,VOLCANIC_ROCK_VOUCHER_10000,SEASHELLS,225,10
11800,,,VOLCANIC_ROCK_VOUCHER_10250,SEASHELLS,59,10
11800,,,VOLCANIC_ROCK_VOUCHER_10500,SEASHELLS,8,10
11800,,,VOLCANIC_ROCK_VOUCHER_9500,SEASHELLS,709,10
11800,,,VOLCANIC_ROCK_VOUCHER_9750,SEASHELLS,460,10
11900,,,CROISSANTS,SEASHELLS,4268,8
12000,,,JAMS,SEASHELLS,6522,7
12000,,,KELP,SEASHELLS,2044,1
12000,,,SQUID_INK,SEASHELLS,1802,1
12100,,,CROISSANTS,SEASHELLS,4268,8
12100,,,DJEMBES,SEASHELLS,13421,1
12200,,,KELP,SEASHELLS,2047,2
12200,,,PICNIC_BASKET1,SEASHELLS,58772,1
12200,,,PICNIC_BASKET2,SEASHELLS,30085,8
12200,,,SQUID_INK,SEASHELLS,1805,2
12300,,,KELP,SEASHELLS,2046,1
12300,,,SQUID_INK,SEASHELLS,1804,1
12400,SUBMISSION,,SQUID_INK,SEASHELLS,1804,28
12400,SUBMISSION,,SQUID_INK,SEASHELLS,1804,1
12400,,,KELP,SEASHELLS,2046,1
12400,,,SQUID_INK,SEASHELLS,1803,1
12500,,,KELP,SEASHELLS,2046,3
12500,,,SQUID_INK,SEASHELLS,1803,3
12600,,,PICNIC_BASKET1,SEASHELLS,58781,1
12700,,,KELP,SEASHELLS,2044,1
12700,,,SQUID_INK,SEASHELLS,1800,1
12800,,,KELP,SEASHELLS,2046,2
12800,,,SQUID_INK,SEASHELLS,1802,2
12800,,,VOLCANIC_ROCK_VOUCHER_10000,SEASHELLS,219,11
12800,,,VOLCANIC_ROCK_VOUCHER_10250,SEASHELLS,56,11
12800,,,VOLCANIC_ROCK_VOUCHER_10500,SEASHELLS,7,11
12800,,,VOLCANIC_ROCK_VOUCHER_9500,SEASHELLS,703,11
12800,,,VOLCANIC_ROCK_VOUCHER_9750,SEASHELLS,454,11
12900,,,PICNIC_BASKET1,SEASHELLS,58786,2
12900,,,PICNIC_BASKET2,SEASHELLS,30090,2
12900,,,PICNIC_BASKET2,SEASHELLS,30094,8
12900,,,VOLCANIC_ROCK,SEASHELLS,10203,10
13000,,,DJEMBES,SEASHELLS,13423,5
13100,,SUBMISSION,SQUID_INK,SEASHELLS,1801,25
13100,,SUBMISSION,SQUID_INK,SEASHELLS,1801,1
13200,,,RAINFOREST_RESIN,SEASHELLS,9998,1
13300,,,KELP,SEASHELLS,2044,1
13300,,,SQUID_INK,SEASHELLS,1803,1
13400,,,KELP,SEASHELLS,2044,1
13400,,,SQUID_INK,SEASHELLS,1803,1
13700,SUBMISSION,,SQUID_INK,SEASHELLS,1808,29
13700,SUBMISSION,,SQUID_INK,SEASHELLS,1808,2
13700,,,KELP,SEASHELLS,2047,1
13700,,,SQUID_INK,SEASHELLS,1807,1
13700,,,VOLCANIC_ROCK_VOUCHER_10000,SEASHELLS,217,11
13700,,,VOLCANIC_ROCK_VOUCHER_10250,SEASHELLS,56,11
13700,,,VOLCANIC_ROCK_VOUCHER_9500,SEASHELLS,701,11
13700,,,VOLCANIC_ROCK_VOUCHER_9750,SEASHELLS,452,11
13800,,,DJEMBES,SEASHELLS,13424,10
13800,,,RAINFOREST_RESIN,SEASHELLS,10002,5
14200,SUBMISSION,,SQUID_INK,SEASHELLS,1808,24
14200,SUBMISSION,,SQUID_INK,SEASHELLS,1808,2
14200,,,DJEMBES,SEASHELLS,13423,2
14200,,,RAINFOREST_RESIN,SEASHELLS,10003,6
14300,,,VOLCANIC_ROCK_VOUCHER_10000,SEASHELLS,210,16
14300,,,VOLCANIC_ROCK_VOUCHER_10000,SEASHELLS,210,1
14300,,,VOLCANIC_ROCK_VOUCHER_10250,SEASHELLS,52,16
14300,,,VOLCANIC_ROCK_VOUCHER_10250,SEASHELLS,52,1
14300,,,VOLCANIC_ROCK_VOUCHER_10500,SEASHELLS,6,16
14300,,,VOLCANIC_ROCK_VOUCHER_10500,SEASHELLS,6,1
14300,,,VOLCANIC_ROCK_VOUCHER_9500,SEASHELLS,692,16
14300,,,VOLCANIC_ROCK_VOUCHER_9500,SEASHELLS,692,1
14300,,,VOLCANIC_ROCK_VOUCHER_9750,SEASHELLS,444,16
14300,,,VOLCANIC_ROCK_VOUCHER_9750,SEASHELLS,444,1
14400,,,DJEMBES,SEASHELLS,13420,2
14500,,,JAMS,SEASHELLS,6529,3
14500,,,KELP,SEASHELLS,2047,2
14500,,,SQUID_INK,SEASHELLS,1807,2
14600,,,VOLCANIC_ROCK,SEASHELLS,10192,6
14600,,,VOLCANIC_ROCK_VOUCHER_10000,SEASHELLS,207,12
14600,,,VOLCANIC_ROCK_VOUCHER_10250,SEASHELLS,52,12
14600,,,VOLCANIC_ROCK_VOUCHER_10500,SEASHELLS,6,12
14600,,,VOLCANIC_ROCK_VOUCHER_9500,SEASHELLS,692,12
14600,,,VOLCANIC_ROCK_VOUCHER_9750,SEASHELLS,444,12
14700,,,CROISSANTS,SEASHELLS,4268,5
14700,,,KELP,SEASHELLS,2045,2
14700,,,SQUID_INK,SEASHELLS,1805,2
14900,,,CROISSANTS,SEASHELLS,4268,5
15000,,,KELP,SEASHELLS,2045,1
15000,,,PICNIC_BASKET1,SEASHELLS,58795,1
15000,,,PICNIC_BASKET1,SEASHELLS,58795,4
15000,,,PICNIC_BASKET2,SEASHELLS,30116,5
15000,,,SQUID_INK,SEASHELLS,1805,1
15200,,,KELP,SEASHELLS,2047,2
15300,,,PICNIC_BASKET1,SEASHELLS,58783,2
15300,,,PICNIC_BASKET1,SEASHELLS,58783,4
15500,,SUBMISSION,SQUID_INK,SEASHELLS,1803,25
15500,,SUBMISSION,SQUID_INK,SEASHELLS,1803,2
15500,,,KELP,SEASHELLS,2045,10
15500,,,SQUID_INK,SEASHELLS,1804,10
15600,,,PICNIC_BASKET1,SEASHELLS,58785,1
15700,,,CROISSANTS,SEASHELLS,4266,9
15800,,,RAINFOREST_RESIN,SEASHELLS,9999,1
15800,,,VOLCANIC_ROCK_VOUCHER_10000,SEASHELLS,209,6
15800,,,VOLCANIC_ROCK_VOUCHER_10250,SEASHELLS,51,6
15800,,,VOLCANIC_ROCK_VOUCHER_10500,SEASHELLS,6,6
15800,,,VOLCANIC_ROCK_VOUCHER_9500,SEASHELLS,690,6
15800,,,VOLCANIC_ROCK_VOUCHER_9750,SEASHELLS,442,6
15900,,SUBMISSION,SQUID_INK,SEASHELLS,1804,2
15900,,SUBMISSION,SQUID_INK,SEASHELLS,1803,23
15900,,,KELP,SEASHELLS,2047,1
15900,,,SQUID_INK,SEASHELLS,1805,1
16000,,,KELP,SEASHELLS,2045,9
16000,,,SQUID_INK,SEASHELLS,1805,9
16100,,,JAMS,SEASHELLS,6529,9
16200,,,KELP,SEASHELLS,2045,1
16200,,,SQUID_INK,SEASHELLS,1805,1
16300,,,KELP,SEASHELLS,2046,2
16400,,,PICNIC_BASKET1,SEASHELLS,58775,1
16400,,,PICNIC_BASKET2,SEASHELLS,30102,6
16500,SUBMISSION,,SQUID_INK,SEASHELLS,1808,29
16500,,,RAINFOREST_RESIN,SEASHELLS,9999,1
16800,SUBMISSION,,SQUID_INK,SEASHELLS,1808,22
16800,SUBMISSION,,SQUID_INK,SEASHELLS,1808,1
16900,,,CROISSANTS,SEASHELLS,4265,6
17000,,,DJEMBES,SEASHELLS,13427,2
17100,,,KELP,SEASHELLS,2048,2
17100,,,SQUID_INK,SEASHELLS,1806,2
17200,,,KELP,SEASHELLS,2046,6
17200,,,SQUID_INK,SEASHELLS,1803,6
17300,,,JAMS,SEASHELLS,6532,11
17300,,,RAINFOREST_RESIN,SEASHELLS,10001,1
17600,,,CROISSANTS,SEASHELLS,4264,6
17600,,,VOLCANIC_ROCK_VOUCHER_10000,SEASHELLS,218,16
17600,,,VOLCANIC_ROCK_VOUCHER_10000,SEASHELLS,218,2
17600,,,VOLCANIC_ROCK_VOUCHER_10250,SEASHELLS,55,16
17600,,,VOLCANIC_ROCK_VOUCHER_10250,SEASHELLS,55,2
17600,,,VOLCANIC_ROCK_VOUCHER_10500,SEASHELLS,7,16
17600,,,VOLCANIC_ROCK_VOUCHER_10500,SEASHELLS,7,2
17600,,,VOLCANIC_ROCK_VOUCHER_9500,SEASHELLS,700,16
17600,,,VOLCANIC_ROCK_VOUCHER_9500,SEASHELLS,700,2
17600,,,VOLCANIC_ROCK_VOUCHER_9750,SEASHELLS,452,16
17600,,,VOLCANIC_ROCK_VOUCHER_9750,SEASHELLS,452,2
17700,,,JAMS,SEASHELLS,6532,8
17700,,,JAMS,SEASHELLS,6533,10
17900,,,CROISSANTS,SEASHELLS,4264,8
17900,,,KELP,SEASHELLS,2047,3
17900,,,KELP,SEASHELLS,2047,1
17900,,,KELP,SEASHELLS,2045,1
17900,,,SQUID_INK,SEASHELLS,1804,3
17900,,,SQUID_INK,SEASHELLS,1804,1
17900,,,SQUID_INK,SEASHELLS,1802,1
18000,,,JAMS,SEASHELLS,6531,8
18300,,,JAMS,SEASHELLS,6531,8
18300,,,KELP,SEASHELLS,2047,1
18300,,,SQUID_INK,SEASHELLS,1799,1
18500,,,RAINFOREST_RESIN,SEASHELLS,9992,4
18600,,SUBMISSION,SQUID_INK,SEASHELLS,1795,27
18700,,,RAINFOREST_RESIN,SEASHELLS,10001,1
18900,,SUBMISSION,SQUID_INK,SEASHELLS,1795,28
19000,SUBMISSION,,SQUID_INK,SEASHELLS,1800,21
19000,SUBMISSION,,SQUID_INK,SEASHELLS,1800,1
19100,,SUBMISSION,SQUID_INK,SEASHELLS,1796,24
19100,,SUBMISSION,SQUID_INK,SEASHELLS,1796,1
19100,,,CROISSANTS,SEASHELLS,4265,8
19100,,,JAMS,SEASHELLS,6533,5
19200,SUBMISSION,,SQUID_INK,SEASHELLS,1797,5
19200,SUBMISSION,,SQUID_INK,SEASHELLS,1798,21
19200,,,JAMS,SEASHELLS,6532,3
19200,,,JAMS,SEASHELLS,6534,9
19500,,,KELP,SEASHELLS,2045,1
19500,,,SQUID_INK,SEASHELLS,1792,1
19700,,,RAINFOREST_RESIN,SEASHELLS,10008,5
19700,,,RAINFOREST_RESIN,SEASHELLS,10001,1
19700,,,VOLCANIC_ROCK_VOUCHER_10000,SEASHELLS,219,11
19700,,,VOLCANIC_ROCK_VOUCHER_10250,SEASHELLS,56,11
19700,,,VOLCANIC_ROCK_VOUCHER_10500,SEASHELLS,7,11
19700,,,VOLCANIC_ROCK_VOUCHER_9500,SEASHELLS,702,11
19700,,,VOLCANIC_ROCK_VOUCHER_9750,SEASHELLS,453,11
19800,,SUBMISSION,SQUID_INK,SEASHELLS,1795,24
19800,,SUBMISSION,SQUID_INK,SEASHELLS,1795,1
19900,SUBMISSION,,SQUID_INK,SEASHELLS,1798,21
19900,SUBMISSION,,SQUID_INK,SEASHELLS,1798,1
20000,SUBMISSION,,SQUID_INK,SEASHELLS,1797,29
20000,SUBMISSION,,SQUID_INK,SEASHELLS,1797,2
20200,,,PICNIC_BASKET1,SEASHELLS,58784,7
20200,,,RAINFOREST_RESIN,SEASHELLS,10001,1
20500,,,JAMS,SEASHELLS,6533,10
20600,,SUBMISSION,SQUID_INK,SEASHELLS,1795,26
20600,,,KELP,SEASHELLS,2045,1
20600,,,SQUID_INK,SEASHELLS,1795,1
20700,,,JAMS,SEASHELLS,6534,6
20700,,,RAINFOREST_RESIN,SEASHELLS,9992,2
20800,,,CROISSANTS,SEASHELLS,4265,5
20900,,,CROISSANTS,SEASHELLS,4265,6
20900,,,KELP,SEASHELLS,2045,11
20900,,,SQUID_INK,SEASHELLS,1797,11
21000,,,RAINFOREST_RESIN,SEASHELLS,9992,2
21100,,,KELP,SEASHELLS,2045,5
21100,,,SQUID_INK,SEASHELLS,1800,5
21300,,,JAMS,SEASHELLS,6531,5
21500,SUBMISSION,,SQUID_INK,SEASHELLS,1800,26
21500,SUBMISSION,,SQUID_INK,SEASHELLS,1800,1
21500,,,KELP,SEASHELLS,2045,1
21500,,,PICNIC_BASKET2,SEASHELLS,30095,1
21500,,,RAINFOREST_RESIN,SEASHELLS,10008,2
21500,,,SQUID_INK,SEASHELLS,1797,1
21800,,SUBMISSION,SQUID_INK,SEASHELLS,1796,20
21800,,SUBMISSION,SQUID_INK,SEASHELLS,1796,2
21800,,,DJEMBES,SEASHELLS,13447,5
22000,,,KELP,SEASHELLS,2048,15
22000,,,SQUID_INK,SEASHELLS,1799,15
22100,,SUBMISSION,SQUID_INK,SEASHELLS,1795,26
22100,,SUBMISSION,SQUID_INK,SEASHELLS,1795,1
22100,,,RAINFOREST_RESIN,SEASHELLS,9997,7
22200,SUBMISSION,,SQUID_INK,SEASHELLS,1798,21
22200,SUBMISSION,,SQUID_INK,SEASHELLS,1798,1
22200,,,KELP,SEASHELLS,2048,8
22200,,,VOLCANIC_ROCK,SEASHELLS,10211,6
22300,,,CROISSANTS,SEASHELLS,4265,10
22400,,,KELP,SEASHELLS,2047,6
22400,,,KELP,SEASHELLS,2047,6
22400,,,SQUID_INK,SEASHELLS,1794,6
22500,,,PICNIC_BASKET1,SEASHELLS,58826,6
22500,,,PICNIC_BASKET2,SEASHELLS,30081,6
22600,,SUBMISSION,SQUID_INK,SEASHELLS,1793,6
22600,,SUBMISSION,SQUID_INK,SEASHELLS,1793,28
22600,,,KELP,SEASHELLS,2048,10
22600,,,SQUID_INK,SEASHELLS,1796,10
22700,SUBMISSION,,SQUID_INK,SEASHELLS,1793,5
22700,SUBMISSION,,SQUID_INK,SEASHELLS,1794,28
22700,SUBMISSION,,SQUID_INK,SEASHELLS,1794,2
22700,,,KELP,SEASHELLS,2047,1
22700,,,SQUID_INK,SEASHELLS,1793,1
22700,,,VOLCANIC_ROCK_VOUCHER_10000,SEASHELLS,225,12
22700,,,VOLCANIC_ROCK_VOUCHER_10250,SEASHELLS,59,12
22700,,,VOLCANIC_ROCK_VOUCHER_10500,SEASHELLS,8,12
22700,,,VOLCANIC_ROCK_VOUCHER_9500,SEASHELLS,710,12
22700,,,VOLCANIC_ROCK_VOUCHER_9750,SEASHELLS,461,12
22800,,,VOLCANIC_ROCK,SEASHELLS,10210,3
22900,,,JAMS,SEASHELLS,6529,9
22900,,,VOLCANIC_ROCK_VOUCHER_10000,SEASHELLS,226,7
22900,,,VOLCANIC_ROCK_VOUCHER_10250,SEASHELLS,59,7
22900,,,VOLCANIC_ROCK_VOUCHER_10500,SEASHELLS,8,7
22900,,,VOLCANIC_ROCK_VOUCHER_9500,SEASHELLS,710,7
22900,,,VOLCANIC_ROCK_VOUCHER_9750,SEASHELLS,462,7
23000,,SUBMISSION,SQUID_INK,SEASHELLS,1791,27
23000,,SUBMISSION,SQUID_INK,SEASHELLS,1791,1
23000,,,PICNIC_BASKET1,SEASHELLS,58832,1
23000,,,PICNIC_BASKET2,SEASHELLS,30076,6
23000,,,VOLCANIC_ROCK_VOUCHER_10000,SEASHELLS,226,13
23000,,,VOLCANIC_ROCK_VOUCHER_10000,SEASHELLS,226,1
23000,,,VOLCANIC_ROCK_VOUCHER_10250,SEASHELLS,59,13
23000,,,VOLCANIC_ROCK_VOUCHER_10250,SEASHELLS,59,1
23000,,,VOLCANIC_ROCK_VOUCHER_10500,SEASHELLS,8,13
23000,,,VOLCANIC_ROCK_VOUCHER_10500,SEASHELLS,8,1
23000,,,VOLCANIC_ROCK_VOUCHER_9500,SEASHELLS,710,13
23000,,,VOLCANIC_ROCK_VOUCHER_9500,SEASHELLS,710,1
23000,,,VOLCANIC_ROCK_VOUCHER_9750,SEASHELLS,461,13
23000,,,VOLCANIC_ROCK_VOUCHER_9750,SEASHELLS,461,1
23100,SUBMISSION,,SQUID_INK,SEASHELLS,1795,20
23100,SUBMISSION,,SQUID_INK,SEASHELLS,1795,2
23200,,SUBMISSION,SQUID_INK,SEASHELLS,1792,26
23200,,SUBMISSION,SQUID_INK,SEASHELLS,1792,1
23200,SUBMISSION,,SQUID_INK,SEASHELLS,1794,4
23200,,,CROISSANTS,SEASHELLS,4265,7
23300,SUBMISSION,,SQUID_INK,SEASHELLS,1795,24
23300,SUBMISSION,,SQUID_INK,SEASHELLS,1795,1
23400,,,CROISSANTS,SEASHELLS,4263,8
23500,,,CROISSANTS,SEASHELLS,4264,8
23500,,,DJEMBES,SEASHELLS,13449,4
23600,,,KELP,SEASHELLS,2045,1
23600,,,RAINFOREST_RESIN,SEASHELLS,10008,1
23600,,,SQUID_INK,SEASHELLS,1793,1
23700,,,CROISSANTS,SEASHELLS,4264,8
23700,,,DJEMBES,SEASHELLS,13448,3
23800,,,KELP,SEASHELLS,2048,14
23800,,,SQUID_INK,SEASHELLS,1795,14
23900,,,JAMS,SEASHELLS,6533,6
24200,,,JAMS,SEASHELLS,6533,5
24200,,,VOLCANIC_ROCK,SEASHELLS,10197,10
24300,,,RAINFOREST_RESIN,SEASHELLS,9997,7
24400,,,KELP,SEASHELLS,2049,1
24400,,,SQUID_INK,SEASHELLS,1790,1
24400,,,VOLCANIC_ROCK_VOUCHER_10000,SEASHELLS,215,16
24400,,,VOLCANIC_ROCK_VOUCHER_10250,SEASHELLS,53,16
24400,,,VOLCANIC_ROCK_VOUCHER_10500,SEASHELLS,7,16
24400,,,VOLCANIC_ROCK_VOUCHER_9500,SEASHELLS,696,16
24400,,,VOLCANIC_ROCK_VOUCHER_9750,SEASHELLS,448,16
24500,,,KELP,SEASHELLS,2046,1
24500,,,RAINFOREST_RESIN,SEASHELLS,10008,2
24500,,,SQUID_INK,SEASHELLS,1787,1
24600,,,KELP,SEASHELLS,2048,1
24600,,,RAINFOREST_RESIN,SEASHELLS,10002,4
24600,,,SQUID_INK,SEASHELLS,1789,1
24700,,,CROISSANTS,SEASHELLS,4264,6
24700,,,RAINFOREST_RESIN,SEASHELLS,10002,4
24900,,,RAINFOREST_RESIN,SEASHELLS,10001,1
25000,,,RAINFOREST_RESIN,SEASHELLS,10008,5
25200,,SUBMISSION,SQUID_INK,SEASHELLS,1788,25
25200,,,KELP,SEASHELLS,2046,5
25200,,,RAINFOREST_RESIN,SEASHELLS,9998,5
25200,,,SQUID_INK,SEASHELLS,1789,5
25300,,,CROISSANTS,SEASHELLS,4264,5
25300,,,JAMS,SEASHELLS,6534,8
25400,SUBMISSION,,SQUID_INK,SEASHELLS,1791,25
25400,SUBMISSION,,SQUID_INK,SEASHELLS,1791,1
25500,,,JAMS,SEASHELLS,6535,4
25500,,,KELP,SEASHELLS,2046,1
25500,,,SQUID_INK,SEASHELLS,1788,1
25500,,,VOLCANIC_ROCK,SEASHELLS,10192,10
25600,SUBMISSION,,SQUID_INK,SEASHELLS,1791,27
25600,SUBMISSION,,SQUID_INK,SEASHELLS,1791,2
25600,,,CROISSANTS,SEASHELLS,4264,8
25800,,,KELP,SEASHELLS,2049,1
25800,,,SQUID_INK,SEASHELLS,1793,1
25900,,,KELP,SEASHELLS,2049,2
25900,,,KELP,SEASHELLS,2048,1
25900,,,SQUID_INK,SEASHELLS,1795,2
25900,,,SQUID_INK,SEASHELLS,1794,1
26000,,,KELP,SEASHELLS,2046,1
26000,,,KELP,SEASHELLS,2049,1
26000,,,SQUID_INK,SEASHELLS,1792,1
26000,,,SQUID_INK,SEASHELLS,1795,1
26200,,,JAMS,SEASHELLS,6533,12
26400,SUBMISSION,,SQUID_INK,SEASHELLS,1795,18
26500,,,RAINFOREST_RESIN,SEASHELLS,10008,6
26600,,,VOLCANIC_ROCK_VOUCHER_10000,SEASHELLS,215,12
26600,,,VOLCANIC_ROCK_VOUCHER_10000,SEASHELLS,215,1
26600,,,VOLCANIC_ROCK_VOUCHER_10250,SEASHELLS,55,12
26600,,,VOLCANIC_ROCK_VOUCHER_10250,SEASHELLS,55,1
26600,,,VOLCANIC_ROCK_VOUCHER_10500,SEASHELLS,7,12
26600,,,VOLCANIC_ROCK_VOUCHER_10500,SEASHELLS,7,1
26600,,,VOLCANIC_ROCK_VOUCHER_9500,SEASHELLS,700,12
26600,,,VOLCANIC_ROCK_VOUCHER_9500,SEASHELLS,700,1
26600,,,VOLCANIC_ROCK_VOUCHER_9750,SEASHELLS,452,12
26600,,,VOLCANIC_ROCK_VOUCHER_9750,SEASHELLS,452,1
26700,,,KELP,SEASHELLS,2045,14
26700,,,KELP,SEASHELLS,2046,1
26700,,,PICNIC_BASKET2,SEASHELLS,30095,1
26700,,,SQUID_INK,SEASHELLS,1793,1
26700,,,SQUID_INK,SEASHELLS,1793,14
26800,,,JAMS,SEASHELLS,6531,7
27000,,,VOLCANIC_ROCK_VOUCHER_10000,SEASHELLS,216,7
27000,,,VOLCANIC_ROCK_VOUCHER_10250,SEASHELLS,55,7
27000,,,VOLCANIC_ROCK_VOUCHER_10500,SEASHELLS,7,7
27000,,,VOLCANIC_ROCK_VOUCHER_9500,SEASHELLS,701,7
27000,,,VOLCANIC_ROCK_VOUCHER_9750,SEASHELLS,452,7
27200,,,KELP,SEASHELLS,2046,6
27200,,,KELP,SEASHELLS,2046,2
27200,,,PICNIC_BASKET1,SEASHELLS,58838,2
27200,,,RAINFOREST_RESIN,SEASHELLS,10008,2
27200,,,SQUID_INK,SEASHELLS,1788,6
27300,,,JAMS,SEASHELLS,6530,8
27300,,,VOLCANIC_ROCK,SEASHELLS,10201,2
27500,,,JAMS,SEASHELLS,6530,4
27500,,,RAINFOREST_RESIN,SEASHELLS,9992,1
27600,,SUBMISSION,SQUID_INK,SEASHELLS,1784,28
27600,,SUBMISSION,SQUID_INK,SEASHELLS,1784,2
27700,,,VOLCANIC_ROCK_VOUCHER_10000,SEASHELLS,215,13
27700,,,VOLCANIC_ROCK_VOUCHER_10250,SEASHELLS,55,13
27700,,,VOLCANIC_ROCK_VOUCHER_10500,SEASHELLS,7,13
27700,,,VOLCANIC_ROCK_VOUCHER_9500,SEASHELLS,700,13
27700,,,VOLCANIC_ROCK_VOUCHER_9750,SEASHELLS,451,13
27800,,SUBMISSION,SQUID_INK,SEASHELLS,1784,6
27800,,SUBMISSION,SQUID_INK,SEASHELLS,1784,1
27800,,SUBMISSION,SQUID_INK,SEASHELLS,1784,0
27800,,SUBMISSION,SQUID_INK,SEASHELLS,1783,25
27900,SUBMISSION,,SQUID_INK,SEASHELLS,1787,29
28000,,,KELP,SEASHELLS,2045,1
28000,,,KELP,SEASHELLS,2045,8
28000,,,SQUID_INK,SEASHELLS,1785,1
28000,,,SQUID_INK,SEASHELLS,1785,8
28100,,,KELP,SEASHELLS,2048,1
28100,,,SQUID_INK,SEASHELLS,1790,1
28200,,,PICNIC_BASKET1,SEASHELLS,58853,2
28200,,,PICNIC_BASKET2,SEASHELLS,30092,2
28400,,,VOLCANIC_ROCK_VOUCHER_10000,SEASHELLS,211,11
28400,,,VOLCANIC_ROCK_VOUCHER_10000,SEASHELLS,211,3
28400,,,VOLCANIC_ROCK_VOUCHER_10000,SEASHELLS,211,1
28400,,,VOLCANIC_ROCK_VOUCHER_10250,SEASHELLS,52,11
28400,,,VOLCANIC_ROCK_VOUCHER_10500,SEASHELLS,6,11
28400,,,VOLCANIC_ROCK_VOUCHER_9500,SEASHELLS,693,14
28400,,,VOLCANIC_ROCK_VOUCHER_9500,SEASHELLS,693,1
28400,,,VOLCANIC_ROCK_VOUCHER_9750,SEASHELLS,445,11
28400,,,VOLCANIC_ROCK_VOUCHER_9750,SEASHELLS,445,3
28400,,,VOLCANIC_ROCK_VOUCHER_9750,SEASHELLS,445,1
28600,,,DJEMBES,SEASHELLS,13438,3
28600,,,KELP,SEASHELLS,2046,1
28600,,,SQUID_INK,SEASHELLS,1783,1
28600,,,SQUID_INK,SEASHELLS,1783,1
29000,,SUBMISSION,SQUID_INK,SEASHELLS,1784,24
29000,,SUBMISSION,SQUID_INK,SEASHELLS,1784,2
29100,SUBMISSION,,SQUID_INK,SEASHELLS,1787,8
29100,SUBMISSION,,SQUID_INK,SEASHELLS,1788,1
29100,SUBMISSION,,SQUID_INK,SEASHELLS,1789,24
29100,,,CROISSANTS,SEASHELLS,4266,8
29200,,,JAMS,SEASHELLS,6533,6
29300,,,PICNIC_BASKET1,SEASHELLS,58839,1
29300,,,PICNIC_BASKET1,SEASHELLS,58839,4
29300,,,PICNIC_BASKET2,SEASHELLS,30080,5
29400,,,PICNIC_BASKET1,SEASHELLS,58855,2
29400,,,PICNIC_BASKET2,SEASHELLS,30089,2
29400,,,RAINFOREST_RESIN,SEASHELLS,10008,2
29400,,,VOLCANIC_ROCK,SEASHELLS,10188,7
29600,,,DJEMBES,SEASHELLS,13436,2
29600,,,KELP,SEASHELLS,2046,3
29600,,,SQUID_INK,SEASHELLS,1782,3
29700,,,KELP,SEASHELLS,2046,3
29700,,,RAINFOREST_RESIN,SEASHELLS,10001,1
29700,,,SQUID_INK,SEASHELLS,1781,3
29700,,,VOLCANIC_ROCK_VOUCHER_10000,SEASHELLS,206,14
29700,,,VOLCANIC_ROCK_VOUCHER_10250,SEASHELLS,51,14
29700,,,VOLCANIC_ROCK_VOUCHER_10500,SEASHELLS,6,14
29700,,,VOLCANIC_ROCK_VOUCHER_9500,SEASHELLS,690,14
29700,,,VOLCANIC_ROCK_VOUCHER_9750,SEASHELLS,442,14
29900,,,VOLCANIC_ROCK_VOUCHER_10000,SEASHELLS,206,8
29900,,,VOLCANIC_ROCK_VOUCHER_10250,SEASHELLS,51,8
29900,,,VOLCANIC_ROCK_VOUCHER_10500,SEASHELLS,6,8
29900,,,VOLCANIC_ROCK_VOUCHER_9500,SEASHELLS,689,8
29900,,,VOLCANIC_ROCK_VOUCHER_9750,SEASHELLS,441,8
30000,,SUBMISSION,SQUID_INK,SEASHELLS,1782,4
30000,,SUBMISSION,SQUID_INK,SEASHELLS,1782,1
30000,,SUBMISSION,SQUID_INK,SEASHELLS,1782,0
30000,,SUBMISSION,SQUID_INK,SEASHELLS,1781,29
30100,SUBMISSION,,SQUID_INK,SEASHELLS,1786,26
30100,SUBMISSION,,SQUID_INK,SEASHELLS,1786,1
30200,,SUBMISSION,SQUID_INK,SEASHELLS,1781,29
30200,,SUBMISSION,SQUID_INK,SEASHELLS,1781,1
30200,,,KELP,SEASHELLS,2045,2
30300,SUBMISSION,,SQUID_INK,SEASHELLS,1782,24
30300,SUBMISSION,,SQUID_INK,SEASHELLS,1782,2
30400,,,CROISSANTS,SEASHELLS,4267,5
30400,,,JAMS,SEASHELLS,6534,9
30400,,,KELP,SEASHELLS,2045,15
30400,,,SQUID_INK,SEASHELLS,1780,15
30500,,SUBMISSION,SQUID_INK,SEASHELLS,1779,28
30500,,SUBMISSION,SQUID_INK,SEASHELLS,1779,2
30500,,,KELP,SEASHELLS,2046,1
30500,,,SQUID_INK,SEASHELLS,1780,1
30600,SUBMISSION,,SQUID_INK,SEASHELLS,1783,27
30600,SUBMISSION,,SQUID_INK,SEASHELLS,1783,2
30600,,,DJEMBES,SEASHELLS,13436,2
30600,,,VOLCANIC_ROCK,SEASHELLS,10183,8
30700,,SUBMISSION,SQUID_INK,SEASHELLS,1780,1
30700,,SUBMISSION,SQUID_INK,SEASHELLS,1778,28
30700,,SUBMISSION,SQUID_INK,SEASHELLS,1778,2
30700,,,RAINFOREST_RESIN,SEASHELLS,10003,2
30800,SUBMISSION,,SQUID_INK,SEASHELLS,1778,28
30800,SUBMISSION,,SQUID_INK,SEASHELLS,1778,1
30800,,,VOLCANIC_ROCK_VOUCHER_10000,SEASHELLS,203,16
30800,,,VOLCANIC_ROCK_VOUCHER_10000,SEASHELLS,203,1
30800,,,VOLCANIC_ROCK_VOUCHER_10250,SEASHELLS,49,16
30800,,,VOLCANIC_ROCK_VOUCHER_10250,SEASHELLS,49,1
30800,,,VOLCANIC_ROCK_VOUCHER_9500,SEASHELLS,684,16
30800,,,VOLCANIC_ROCK_VOUCHER_9500,SEASHELLS,684,1
30800,,,VOLCANIC_ROCK_VOUCHER_9750,SEASHELLS,435,16
30800,,,VOLCANIC_ROCK_VOUCHER_9750,SEASHELLS,435,1
30900,,,DJEMBES,SEASHELLS,13438,5
30900,,,JAMS,SEASHELLS,6530,10
31000,,,DJEMBES,SEASHELLS,13436,1
31100,,,KELP,SEASHELLS,2046,1
31100,,,SQUID_INK,SEASHELLS,1775,1
31200,,,VOLCANIC_ROCK_VOUCHER_10000,SEASHELLS,199,17
31200,,,VOLCANIC_ROCK_VOUCHER_10000,SEASHELLS,199,2
31200,,,VOLCANIC_ROCK_VOUCHER_10250,SEASHELLS,48,17
31200,,,VOLCANIC_ROCK_VOUCHER_10250,SEASHELLS,48,2
31200,,,VOLCANIC_ROCK_VOUCHER_10500,SEASHELLS,6,17
31200,,,VOLCANIC_ROCK_VOUCHER_10500,SEASHELLS,6,2
31200,,,VOLCANIC_ROCK_VOUCHER_9500,SEASHELLS,682,17
31200,,,VOLCANIC_ROCK_VOUCHER_9500,SEASHELLS,682,2
31200,,,VOLCANIC_ROCK_VOUCHER_9750,SEASHELLS,433,17
31200,,,VOLCANIC_ROCK_VOUCHER_9750,SEASHELLS,433,2
31300,,SUBMISSION,SQUID_INK,SEASHELLS,1774,27
31300,,SUBMISSION,SQUID_INK,SEASHELLS,1774,2
31400,SUBMISSION,,SQUID_INK,SEASHELLS,1775,1
31400,SUBMISSION,,SQUID_INK,SEASHELLS,1776,2
31400,SUBMISSION,,SQUID_INK,SEASHELLS,1778,27
31400,,,DJEMBES,SEASHELLS,13435,1
31400,,,KELP,SEASHELLS,2046,1
31400,,,RAINFOREST_RESIN,SEASHELLS,10001,1
31500,,,KELP,SEASHELLS,2048,1
31500,,,SQUID_INK,SEASHELLS,1775,1
31500,,,VOLCANIC_ROCK_VOUCHER_10000,SEASHELLS,200,6
31500,,,VOLCANIC_ROCK_VOUCHER_10250,SEASHELLS,48,6
31500,,,VOLCANIC_ROCK_VOUCHER_10500,SEASHELLS,6,6
31500,,,VOLCANIC_ROCK_VOUCHER_9500,SEASHELLS,682,6
31500,,,VOLCANIC_ROCK_VOUCHER_9750,SEASHELLS,434,6
31600,,,VOLCANIC_ROCK,SEASHELLS,10184,5
31900,,,KELP,SEASHELLS,2049,1
31900,,,SQUID_INK,SEASHELLS,1778,1
32000,,,VOLCANIC_ROCK,SEASHELLS,10179,5
32200,,,KELP,SEASHELLS,2048,1
32200,,,SQUID_INK,SEASHELLS,1781,1
32300,,,DJEMBES,SEASHELLS,13433,2
32300,,,KELP,SEASHELLS,2048,3
32300,,,SQUID_INK,SEASHELLS,1779,3
32400,SUBMISSION,,SQUID_INK,SEASHELLS,1783,28
32400,SUBMISSION,,SQUID_INK,SEASHELLS,1783,2
32400,,,KELP,SEASHELLS,2046,1
32400,,,SQUID_INK,SEASHELLS,1780,1
32600,SUBMISSION,,SQUID_INK,SEASHELLS,1783,9
32600,,,KELP,SEASHELLS,2046,1
32600,,,RAINFOREST_RESIN,SEASHELLS,9998,1
32600,,,RAINFOREST_RESIN,SEASHELLS,9998,3
32600,,,SQUID_INK,SEASHELLS,1781,1
32700,,,CROISSANTS,SEASHELLS,4270,10
32700,,,RAINFOREST_RESIN,SEASHELLS,9992,4
32800,,,PICNIC_BASKET1,SEASHELLS,58862,4
32800,,,PICNIC_BASKET2,SEASHELLS,30112,4
32900,,,KELP,SEASHELLS,2049,1
32900,,,SQUID_INK,SEASHELLS,1783,1
32900,,,VOLCANIC_ROCK,SEASHELLS,10189,8
33000,,,KELP,SEASHELLS,2047,2
33000,,,SQUID_INK,SEASHELLS,1782,2
33200,,,KELP,SEASHELLS,2049,1
33200,,,SQUID_INK,SEASHELLS,1785,1
33300,,,JAMS,SEASHELLS,6528,4
33300,,,RAINFOREST_RESIN,SEASHELLS,9992,5
33300,,,VOLCANIC_ROCK,SEASHELLS,10193,1
33400,,,DJEMBES,SEASHELLS,13433,3
33400,,,JAMS,SEASHELLS,6527,4
33600,,,CROISSANTS,SEASHELLS,4268,7
33600,,,DJEMBES,SEASHELLS,13436,1
33800,,,DJEMBES,SEASHELLS,13436,2
33900,,,CROISSANTS,SEASHELLS,4269,5
34000,,,RAINFOREST_RESIN,SEASHELLS,10003,1
34300,,,KELP,SEASHELLS,2047,1
34300,,,KELP,SEASHELLS,2047,1
34300,,,KELP,SEASHELLS,2048,5
34300,,,RAINFOREST_RESIN,SEASHELLS,10008,10
34300,,,SQUID_INK,SEASHELLS,1787,1
34300,,,SQUID_INK,SEASHELLS,1787,1
34300,,,SQUID_INK,SEASHELLS,1788,5
34300,,,VOLCANIC_ROCK,SEASHELLS,10194,3
34300,,,VOLCANIC_ROCK_VOUCHER_10000,SEASHELLS,209,14
34300,,,VOLCANIC_ROCK_VOUCHER_10250,SEASHELLS,52,14
34300,,,VOLCANIC_ROCK_VOUCHER_9500,SEASHELLS,693,14
34300,,,VOLCANIC_ROCK_VOUCHER_9750,SEASHELLS,444,14
34400,,,DJEMBES,SEASHELLS,13436,4
34400,,,JAMS,SEASHELLS,6532,5
34400,,,JAMS,SEASHELLS,6532,4
34600,,,CROISSANTS,SEASHELLS,4272,5
34800,,,CROISSANTS,SEASHELLS,4271,8
34900,,,KELP,SEASHELLS,2047,13
34900,,,SQUID_INK,SEASHELLS,1789,13
35100,,,DJEMBES,SEASHELLS,13437,1
35100,,,KELP,SEASHELLS,2047,2
35100,,,PICNIC_BASKET1,SEASHELLS,58885,6
35100,,,PICNIC_BASKET2,SEASHELLS,30110,6
35100,,,SQUID_INK,SEASHELLS,1791,2
35400,,,KELP,SEASHELLS,2046,4
35400,,,KELP,SEASHELLS,2046,2
35400,,,SQUID_INK,SEASHELLS,1792,4
35400,,,SQUID_INK,SEASHELLS,1792,2
35400,,,VOLCANIC_ROCK_VOUCHER_10000,SEASHELLS,210,13
35400,,,VOLCANIC_ROCK_VOUCHER_10250,SEASHELLS,52,13
35400,,,VOLCANIC_ROCK_VOUCHER_10500,SEASHELLS,6,13
35400,,,VOLCANIC_ROCK_VOUCHER_9500,SEASHELLS,693,13
35400,,,VOLCANIC_ROCK_VOUCHER_9750,SEASHELLS,445,13
35600,,,SQUID_INK,SEASHELLS,1792,2
35800,,,KELP,SEASHELLS,2049,1
35800,,,SQUID_INK,SEASHELLS,1794,1
35800,,,VOLCANIC_ROCK_VOUCHER_10000,SEASHELLS,208,14
35800,,,VOLCANIC_ROCK_VOUCHER_10250,SEASHELLS,52,14
35800,,,VOLCANIC_ROCK_VOUCHER_10500,SEASHELLS,6,14
35800,,,VOLCANIC_ROCK_VOUCHER_9500,SEASHELLS,693,14
35800,,,VOLCANIC_ROCK_VOUCHER_9750,SEASHELLS,445,14
35900,,,RAINFOREST_RESIN,SEASHELLS,9992,2
36000,,,KELP,SEASHELLS,2047,2
36000,,,SQUID_INK,SEASHELLS,1792,2
36100,,,JAMS,SEASHELLS,6531,4
36200,,,VOLCANIC_ROCK_VOUCHER_10000,SEASHELLS,209,16
36200,,,VOLCANIC_ROCK_VOUCHER_10000,SEASHELLS,209,2
36200,,,VOLCANIC_ROCK_VOUCHER_10250,SEASHELLS,52,16
36200,,,VOLCANIC_ROCK_VOUCHER_10250,SEASHELLS,52,2
36200,,,VOLCANIC_ROCK_VOUCHER_9500,SEASHELLS,692,16
36200,,,VOLCANIC_ROCK_VOUCHER_9500,SEASHELLS,692,2
36200,,,VOLCANIC_ROCK_VOUCHER_9750,SEASHELLS,444,16
36200,,,VOLCANIC_ROCK_VOUCHER_9750,SEASHELLS,444,2
36400,,,VOLCANIC_ROCK,SEASHELLS,10187,1
36600,,,KELP,SEASHELLS,2047,3
36600,,,SQUID_INK,SEASHELLS,1789,3
36800,,,RAINFOREST_RESIN,SEASHELLS,10008,6
36900,,,RAINFOREST_RESIN,SEASHELLS,9998,4
36900,,,VOLCANIC_ROCK_VOUCHER_10000,SEASHELLS,209,6
36900,,,VOLCANIC_ROCK_VOUCHER_10250,SEASHELLS,51,6
36900,,,VOLCANIC_ROCK_VOUCHER_10500,SEASHELLS,6,6
36900,,,VOLCANIC_ROCK_VOUCHER_9500,SEASHELLS,691,6
36900,,,VOLCANIC_ROCK_VOUCHER_9750,SEASHELLS,443,6
37000,,,DJEMBES,SEASHELLS,13433,5
37100,,,PICNIC_BASKET1,SEASHELLS,58856,2
37100,,,PICNIC_BASKET2,SEASHELLS,30087,8
37100,,,SQUID_INK,SEASHELLS,1792,1
37400,,,JAMS,SEASHELLS,6531,4
37400,,,VOLCANIC_ROCK_VOUCHER_10000,SEASHELLS,207,6
37400,,,VOLCANIC_ROCK_VOUCHER_10250,SEASHELLS,52,6
37400,,,VOLCANIC_ROCK_VOUCHER_10500,SEASHELLS,6,6
37400,,,VOLCANIC_ROCK_VOUCHER_9500,SEASHELLS,692,6
37400,,,VOLCANIC_ROCK_VOUCHER_9750,SEASHELLS,444,6
37500,,,RAINFOREST_RESIN,SEASHELLS,10008,5
37600,,,JAMS,SEASHELLS,6530,6
37600,,,VOLCANIC_ROCK_VOUCHER_10000,SEASHELLS,211,15
37600,,,VOLCANIC_ROCK_VOUCHER_10000,SEASHELLS,211,4
37600,,,VOLCANIC_ROCK_VOUCHER_10250,SEASHELLS,52,15
37600,,,VOLCANIC_ROCK_VOUCHER_10250,SEASHELLS,52,4
37600,,,VOLCANIC_ROCK_VOUCHER_10500,SEASHELLS,6,15
37600,,,VOLCANIC_ROCK_VOUCHER_10500,SEASHELLS,6,4
37600,,,VOLCANIC_ROCK_VOUCHER_9500,SEASHELLS,692,15
37600,,,VOLCANIC_ROCK_VOUCHER_9500,SEASHELLS,692,4
37600,,,VOLCANIC_ROCK_VOUCHER_9750,SEASHELLS,444,15
37600,,,VOLCANIC_ROCK_VOUCHER_9750,SEASHELLS,444,4
37800,,,DJEMBES,SEASHELLS,13436,2
37800,,,KELP,SEASHELLS,2048,1
37800,,,SQUID_INK,SEASHELLS,1791,1
37900,,SUBMISSION,SQUID_INK,SEASHELLS,1790,1
37900,,SUBMISSION,SQUID_INK,SEASHELLS,1788,28
37900,,,KELP,SEASHELLS,2048,1
37900,,,RAINFOREST_RESIN,SEASHELLS,9992,1
38000,,,CROISSANTS,SEASHELLS,4269,7
38200,,,VOLCANIC_ROCK,SEASHELLS,10192,9
38400,,,DJEMBES,SEASHELLS,13433,4
38400,,,KELP,SEASHELLS,2049,14
38400,,,SQUID_INK,SEASHELLS,1791,14
38400,,,VOLCANIC_ROCK,SEASHELLS,10193,5
38500,,,RAINFOREST_RESIN,SEASHELLS,10008,6
38600,,,PICNIC_BASKET1,SEASHELLS,58836,1
38600,,,PICNIC_BASKET1,SEASHELLS,58835,6
38600,,,PICNIC_BASKET2,SEASHELLS,30095,7
38700,,SUBMISSION,SQUID_INK,SEASHELLS,1788,28
38800,SUBMISSION,,SQUID_INK,SEASHELLS,1790,30
38800,SUBMISSION,,SQUID_INK,SEASHELLS,1790,1
39000,,,KELP,SEASHELLS,2046,5
39000,,,SQUID_INK,SEASHELLS,1788,5
39200,,,KELP,SEASHELLS,2045,1
39200,,,KELP,SEASHELLS,2046,5
39200,,,SQUID_INK,SEASHELLS,1788,1
39200,,,SQUID_INK,SEASHELLS,1789,5
39500,SUBMISSION,,SQUID_INK,SEASHELLS,1792,20
39500,,,DJEMBES,SEASHELLS,13431,3
39500,,,KELP,SEASHELLS,2048,7
39700,,,JAMS,SEASHELLS,6531,12
39700,,,KELP,SEASHELLS,2046,4
39800,SUBMISSION,,SQUID_INK,SEASHELLS,1790,6
39800,,,CROISSANTS,SEASHELLS,4272,6
39800,,,KELP,SEASHELLS,2048,1
39800,,,SQUID_INK,SEASHELLS,1789,1
39900,,,VOLCANIC_ROCK,SEASHELLS,10202,10
40000,,,CROISSANTS,SEASHELLS,4271,8
40000,,,KELP,SEASHELLS,2049,1
40000,,,RAINFOREST_RESIN,SEASHELLS,10008,1
40000,,,SQUID_INK,SEASHELLS,1790,1
40200,,SUBMISSION,SQUID_INK,SEASHELLS,1786,21
40200,,SUBMISSION,SQUID_INK,SEASHELLS,1786,2
40400,,,JAMS,SEASHELLS,6532,6
40400,,,RAINFOREST_RESIN,SEASHELLS,10001,1
40600,,SUBMISSION,SQUID_INK,SEASHELLS,1785,1
40600,,SUBMISSION,SQUID_INK,SEASHELLS,1784,20
40600,,,KELP,SEASHELLS,2047,1
40600,,,SQUID_INK,SEASHELLS,1785,1
40600,,,VOLCANIC_ROCK_VOUCHER_10000,SEASHELLS,208,13
40600,,,VOLCANIC_ROCK_VOUCHER_9500,SEASHELLS,692,13
40600,,,VOLCANIC_ROCK_VOUCHER_9750,SEASHELLS,444,13
40700,,,KELP,SEASHELLS,2046,1
40700,,,SQUID_INK,SEASHELLS,1784,1
40800,,,JAMS,SEASHELLS,6535,5
40800,,,KELP,SEASHELLS,2046,1
40800,,,SQUID_INK,SEASHELLS,1784,1
40900,,,JAMS,SEASHELLS,6533,9
41000,,,KELP,SEASHELLS,2047,2
41000,,,RAINFOREST_RESIN,SEASHELLS,10002,4
41000,,,SQUID_INK,SEASHELLS,1787,2
41100,,,JAMS,SEASHELLS,6533,9
41200,,,RAINFOREST_RESIN,SEASHELLS,9998,3
41200,,,VOLCANIC_ROCK,SEASHELLS,10192,3
41300,SUBMISSION,,SQUID_INK,SEASHELLS,1791,23
41300,,,CROISSANTS,SEASHELLS,4268,7
41300,,,KELP,SEASHELLS,2048,1
41500,SUBMISSION,,SQUID_INK,SEASHELLS,1791,21
41800,,,RAINFOREST_RESIN,SEASHELLS,9992,10
42000,,,RAINFOREST_RESIN,SEASHELLS,9992,6
42000,,,VOLCANIC_ROCK,SEASHELLS,10195,7
42100,,,CROISSANTS,SEASHELLS,4267,8
42100,,,VOLCANIC_ROCK_VOUCHER_10000,SEASHELLS,212,13
42100,,,VOLCANIC_ROCK_VOUCHER_10000,SEASHELLS,212,2
42100,,,VOLCANIC_ROCK_VOUCHER_10250,SEASHELLS,53,13
42100,,,VOLCANIC_ROCK_VOUCHER_10250,SEASHELLS,53,2
42100,,,VOLCANIC_ROCK_VOUCHER_10500,SEASHELLS,6,13
42100,,,VOLCANIC_ROCK_VOUCHER_10500,SEASHELLS,6,2
42100,,,VOLCANIC_ROCK_VOUCHER_9500,SEASHELLS,696,13
42100,,,VOLCANIC_ROCK_VOUCHER_9500,SEASHELLS,696,2
42100,,,VOLCANIC_ROCK_VOUCHER_9750,SEASHELLS,447,13
42100,,,VOLCANIC_ROCK_VOUCHER_9750,SEASHELLS,447,2
42200,,,KELP,SEASHELLS,2046,1
42200,,,SQUID_INK,SEASHELLS,1790,1
42400,,,DJEMBES,SEASHELLS,13432,2
42500,,,PICNIC_BASKET1,SEASHELLS,58810,6
42500,,,RAINFOREST_RESIN,SEASHELLS,10008,7
42600,,,DJEMBES,SEASHELLS,13435,3
42600,,,JAMS,SEASHELLS,6529,8
42600,,,KELP,SEASHELLS,2046,1
42600,,,SQUID_INK,SEASHELLS,1792,1
42700,,,JAMS,SEASHELLS,6528,4
42800,,,CROISSANTS,SEASHELLS,4266,7
42800,,,KELP,SEASHELLS,2046,3
42800,,,SQUID_INK,SEASHELLS,1791,3
43000,,,VOLCANIC_ROCK_VOUCHER_10000,SEASHELLS,206,11
43000,,,VOLCANIC_ROCK_VOUCHER_10000,SEASHELLS,206,1
43000,,,VOLCANIC_ROCK_VOUCHER_10000,SEASHELLS,206,5
43000,,,VOLCANIC_ROCK_VOUCHER_10250,SEASHELLS,51,11
43000,,,VOLCANIC_ROCK_VOUCHER_10250,SEASHELLS,51,1
43000,,,VOLCANIC_ROCK_VOUCHER_10500,SEASHELLS,6,11
43000,,,VOLCANIC_ROCK_VOUCHER_10500,SEASHELLS,6,1
43000,,,VOLCANIC_ROCK_VOUCHER_9500,SEASHELLS,691,11
43000,,,VOLCANIC_ROCK_VOUCHER_9500,SEASHELLS,691,1
43000,,,VOLCANIC_ROCK_VOUCHER_9500,SEASHELLS,691,5
43000,,,VOLCANIC_ROCK_VOUCHER_9750,SEASHELLS,443,17
43200,,SUBMISSION,SQUID_INK,SEASHELLS,1791,25
43200,,SUBMISSION,SQUID_INK,SEASHELLS,1791,1
43200,,,VOLCANIC_ROCK,SEASHELLS,10183,7
43300,,,CROISSANTS,SEASHELLS,4266,9
43400,,SUBMISSION,SQUID_INK,SEASHELLS,1792,22
43400,,SUBMISSION,SQUID_INK,SEASHELLS,1792,2
43400,,,KELP,SEASHELLS,2049,2
43400,,,SQUID_INK,SEASHELLS,1795,2
43400,,,VOLCANIC_ROCK_VOUCHER_10000,SEASHELLS,201,15
43400,,,VOLCANIC_ROCK_VOUCHER_10250,SEASHELLS,48,15
43400,,,VOLCANIC_ROCK_VOUCHER_9500,SEASHELLS,682,15
43400,,,VOLCANIC_ROCK_VOUCHER_9750,SEASHELLS,433,15
43500,,,KELP,SEASHELLS,2048,1
43500,,,SQUID_INK,SEASHELLS,1794,1
43600,,,KELP,SEASHELLS,2048,6
43600,,,KELP,SEASHELLS,2048,8
43600,,,SQUID_INK,SEASHELLS,1794,6
43700,SUBMISSION,,SQUID_INK,SEASHELLS,1796,20
43700,SUBMISSION,,SQUID_INK,SEASHELLS,1796,2
43700,,,KELP,SEASHELLS,2048,3
43700,,,RAINFOREST_RESIN,SEASHELLS,10008,6
43700,,,SQUID_INK,SEASHELLS,1795,3
43800,,,KELP,SEASHELLS,2046,1
43800,,,RAINFOREST_RESIN,SEASHELLS,10008,4
43800,,,SQUID_INK,SEASHELLS,1792,1
44000,,,KELP,SEASHELLS,2048,1
44000,,,RAINFOREST_RESIN,SEASHELLS,9999,1
44000,,,SQUID_INK,SEASHELLS,1794,1
44000,,,VOLCANIC_ROCK,SEASHELLS,10184,9
44100,SUBMISSION,,SQUID_INK,SEASHELLS,1795,22
44100,SUBMISSION,,SQUID_INK,SEASHELLS,1795,2
44400,,,DJEMBES,SEASHELLS,13442,3
44400,,,RAINFOREST_RESIN,SEASHELLS,9997,4
44400,,,VOLCANIC_ROCK_VOUCHER_10000,SEASHELLS,207,12
44400,,,VOLCANIC_ROCK_VOUCHER_10000,SEASHELLS,207,1
44400,,,VOLCANIC_ROCK_VOUCHER_10250,SEASHELLS,50,12
44400,,,VOLCANIC_ROCK_VOUCHER_10250,SEASHELLS,50,1
44400,,,VOLCANIC_ROCK_VOUCHER_10500,SEASHELLS,6,12
44400,,,VOLCANIC_ROCK_VOUCHER_10500,SEASHELLS,6,1
44400,,,VOLCANIC_ROCK_VOUCHER_9500,SEASHELLS,687,12
44400,,,VOLCANIC_ROCK_VOUCHER_9500,SEASHELLS,687,1
44400,,,VOLCANIC_ROCK_VOUCHER_9750,SEASHELLS,438,12
44400,,,VOLCANIC_ROCK_VOUCHER_9750,SEASHELLS,438,1
44600,,,DJEMBES,SEASHELLS,13441,3
44600,,,KELP,SEASHELLS,2048,1
44600,,,SQUID_INK,SEASHELLS,1791,1
44600,,,VOLCANIC_ROCK_VOUCHER_10000,SEASHELLS,205,12
44600,,,VOLCANIC_ROCK_VOUCHER_10250,SEASHELLS,50,12
44600,,,VOLCANIC_ROCK_VOUCHER_10500,SEASHELLS,6,12
44600,,,VOLCANIC_ROCK_VOUCHER_9500,SEASHELLS,687,12
44600,,,VOLCANIC_ROCK_VOUCHER_9750,SEASHELLS,438,12
44700,,SUBMISSION,SQUID_INK,SEASHELLS,1788,30
44700,,SUBMISSION,SQUID_INK,SEASHELLS,1788,2
44700,,,JAMS,SEASHELLS,6528,6
44800,,,DJEMBES,SEASHELLS,13443,5
44800,,,VOLCANIC_ROCK_VOUCHER_10000,SEASHELLS,208,10
44800,,,VOLCANIC_ROCK_VOUCHER_10000,SEASHELLS,208,2
44800,,,VOLCANIC_ROCK_VOUCHER_10250,SEASHELLS,51,10
44800,,,VOLCANIC_ROCK_VOUCHER_10250,SEASHELLS,51,2
44800,,,VOLCANIC_ROCK_VOUCHER_10500,SEASHELLS,6,10
44800,,,VOLCANIC_ROCK_VOUCHER_10500,SEASHELLS,6,2
44800,,,VOLCANIC_ROCK_VOUCHER_9500,SEASHELLS,689,10
44800,,,VOLCANIC_ROCK_VOUCHER_9500,SEASHELLS,689,2
44800,,,VOLCANIC_ROCK_VOUCHER_9750,SEASHELLS,441,10
44800,,,VOLCANIC_ROCK_VOUCHER_9750,SEASHELLS,441,2
44900,,SUBMISSION,SQUID_INK,SEASHELLS,1789,30
44900,,SUBMISSION,SQUID_INK,SEASHELLS,1789,2
45000,SUBMISSION,,SQUID_INK,SEASHELLS,1792,22
45000,,,KELP,SEASHELLS,2046,2
45000,,,SQUID_INK,SEASHELLS,1788,2
45200,,,CROISSANTS,SEASHELLS,4265,6
45300,,,JAMS,SEASHELLS,6531,4
45400,,SUBMISSION,SQUID_INK,SEASHELLS,1788,3
45400,,SUBMISSION,SQUID_INK,SEASHELLS,1788,3
45400,,SUBMISSION,SQUID_INK,SEASHELLS,1788,0
45400,,SUBMISSION,SQUID_INK,SEASHELLS,1787,30
45400,,SUBMISSION,SQUID_INK,SEASHELLS,1787,2
45400,,,KELP,SEASHELLS,2049,2
45500,SUBMISSION,,SQUID_INK,SEASHELLS,1789,27
45500,SUBMISSION,,SQUID_INK,SEASHELLS,1789,2
45500,,,JAMS,SEASHELLS,6530,6
45500,,,KELP,SEASHELLS,2046,1
45500,,,PICNIC_BASKET1,SEASHELLS,58835,2
45500,,,PICNIC_BASKET2,SEASHELLS,30099,10
45500,,,SQUID_INK,SEASHELLS,1786,1
45600,SUBMISSION,,SQUID_INK,SEASHELLS,1789,24
45600,SUBMISSION,,SQUID_INK,SEASHELLS,1789,1
45600,,,KELP,SEASHELLS,2048,1
45600,,,SQUID_INK,SEASHELLS,1788,1
45700,,SUBMISSION,SQUID_INK,SEASHELLS,1785,30
45700,,SUBMISSION,SQUID_INK,SEASHELLS,1785,1
45700,,,VOLCANIC_ROCK_VOUCHER_10000,SEASHELLS,204,17
45700,,,VOLCANIC_ROCK_VOUCHER_10000,SEASHELLS,204,1
45700,,,VOLCANIC_ROCK_VOUCHER_10250,SEASHELLS,49,17
45700,,,VOLCANIC_ROCK_VOUCHER_10250,SEASHELLS,49,1
45700,,,VOLCANIC_ROCK_VOUCHER_10500,SEASHELLS,6,17
45700,,,VOLCANIC_ROCK_VOUCHER_10500,SEASHELLS,6,1
45700,,,VOLCANIC_ROCK_VOUCHER_9500,SEASHELLS,686,17
45700,,,VOLCANIC_ROCK_VOUCHER_9500,SEASHELLS,686,1
45700,,,VOLCANIC_ROCK_VOUCHER_9750,SEASHELLS,437,17
45700,,,VOLCANIC_ROCK_VOUCHER_9750,SEASHELLS,437,1
45800,SUBMISSION,,SQUID_INK,SEASHELLS,1787,29
45800,SUBMISSION,,SQUID_INK,SEASHELLS,1787,2
45900,,,PICNIC_BASKET1,SEASHELLS,58824,2
45900,,,PICNIC_BASKET2,SEASHELLS,30100,8
46000,,,CROISSANTS,SEASHELLS,4265,7
46000,,,RAINFOREST_RESIN,SEASHELLS,9999,1
46100,,,VOLCANIC_ROCK_VOUCHER_10000,SEASHELLS,206,11
46100,,,VOLCANIC_ROCK_VOUCHER_10000,SEASHELLS,206,2
46100,,,VOLCANIC_ROCK_VOUCHER_10250,SEASHELLS,49,11
46100,,,VOLCANIC_ROCK_VOUCHER_10250,SEASHELLS,49,2
46100,,,VOLCANIC_ROCK_VOUCHER_10500,SEASHELLS,6,11
46100,,,VOLCANIC_ROCK_VOUCHER_10500,SEASHELLS,6,2
46100,,,VOLCANIC_ROCK_VOUCHER_9500,SEASHELLS,686,11
46100,,,VOLCANIC_ROCK_VOUCHER_9500,SEASHELLS,686,2
46100,,,VOLCANIC_ROCK_VOUCHER_9750,SEASHELLS,438,11
46100,,,VOLCANIC_ROCK_VOUCHER_9750,SEASHELLS,438,2
46200,,,DJEMBES,SEASHELLS,13446,2
46200,,,RAINFOREST_RESIN,SEASHELLS,9992,2
46400,,SUBMISSION,SQUID_INK,SEASHELLS,1785,30
46400,,,VOLCANIC_ROCK_VOUCHER_10000,SEASHELLS,201,12
46400,,,VOLCANIC_ROCK_VOUCHER_10250,SEASHELLS,49,12
46400,,,VOLCANIC_ROCK_VOUCHER_9500,SEASHELLS,684,12
46400,,,VOLCANIC_ROCK_VOUCHER_9750,SEASHELLS,436,12
46500,SUBMISSION,,SQUID_INK,SEASHELLS,1788,26
46500,SUBMISSION,,SQUID_INK,SEASHELLS,1788,1
46500,,,RAINFOREST_RESIN,SEASHELLS,9998,5
46600,,,DJEMBES,SEASHELLS,13444,4
46600,,,RAINFOREST_RESIN,SEASHELLS,10002,3
46600,,,VOLCANIC_ROCK,SEASHELLS,10180,5
46600,,,VOLCANIC_ROCK_VOUCHER_10000,SEASHELLS,199,16
46600,,,VOLCANIC_ROCK_VOUCHER_10250,SEASHELLS,48,16
46600,,,VOLCANIC_ROCK_VOUCHER_9500,SEASHELLS,681,16
46600,,,VOLCANIC_ROCK_VOUCHER_9750,SEASHELLS,433,16
46700,SUBMISSION,,SQUID_INK,SEASHELLS,1789,25
46700,SUBMISSION,,SQUID_INK,SEASHELLS,1789,2
47000,SUBMISSION,,SQUID_INK,SEASHELLS,1789,6
47300,,,KELP,SEASHELLS,2046,1
47300,,,RAINFOREST_RESIN,SEASHELLS,9992,4
47300,,,SQUID_INK,SEASHELLS,1787,1
47400,,,KELP,SEASHELLS,2046,8
47400,,,KELP,SEASHELLS,2049,14
47400,,,SQUID_INK,SEASHELLS,1786,8
47400,,,SQUID_INK,SEASHELLS,1789,14
47900,,,KELP,SEASHELLS,2049,10
47900,,,SQUID_INK,SEASHELLS,1788,10
48000,,,KELP,SEASHELLS,2047,5
48000,,,SQUID_INK,SEASHELLS,1787,5
48400,,,DJEMBES,SEASHELLS,13449,2
48400,,,KELP,SEASHELLS,2049,6
48400,,,SQUID_INK,SEASHELLS,1785,6
48500,,,CROISSANTS,SEASHELLS,4265,6
48600,,,KELP,SEASHELLS,2048,1
48600,,,RAINFOREST_RESIN,SEASHELLS,10008,9
48600,,,SQUID_INK,SEASHELLS,1780,1
48700,,,KELP,SEASHELLS,2046,1
48700,,,KELP,SEASHELLS,2046,1
48700,,,SQUID_INK,SEASHELLS,1779,1
48800,,,KELP,SEASHELLS,2048,1
48800,,,SQUID_INK,SEASHELLS,1780,1
48900,,SUBMISSION,SQUID_INK,SEASHELLS,1776,24
48900,,SUBMISSION,SQUID_INK,SEASHELLS,1776,1
48900,,,CROISSANTS,SEASHELLS,4265,5
49000,,,JAMS,SEASHELLS,6527,9
49000,,,RAINFOREST_RESIN,SEASHELLS,9992,7
49100,,,JAMS,SEASHELLS,6525,9
49300,,,JAMS,SEASHELLS,6526,12
49300,,,VOLCANIC_ROCK_VOUCHER_10000,SEASHELLS,194,12
49300,,,VOLCANIC_ROCK_VOUCHER_9500,SEASHELLS,674,12
49300,,,VOLCANIC_ROCK_VOUCHER_9750,SEASHELLS,426,12
49400,,,RAINFOREST_RESIN,SEASHELLS,9999,1
49600,,,KELP,SEASHELLS,2046,1
49600,,,SQUID_INK,SEASHELLS,1781,2
49600,,,VOLCANIC_ROCK_VOUCHER_10000,SEASHELLS,191,14
49600,,,VOLCANIC_ROCK_VOUCHER_10000,SEASHELLS,191,1
49600,,,VOLCANIC_ROCK_VOUCHER_10250,SEASHELLS,45,14
49600,,,VOLCANIC_ROCK_VOUCHER_10250,SEASHELLS,45,1
49600,,,VOLCANIC_ROCK_VOUCHER_9500,SEASHELLS,674,14
49600,,,VOLCANIC_ROCK_VOUCHER_9500,SEASHELLS,674,1
49600,,,VOLCANIC_ROCK_VOUCHER_9750,SEASHELLS,425,14
49600,,,VOLCANIC_ROCK_VOUCHER_9750,SEASHELLS,425,1
49700,,,KELP,SEASHELLS,2046,1
49700,,,SQUID_INK,SEASHELLS,1782,1
49900,SUBMISSION,,SQUID_INK,SEASHELLS,1785,25
49900,,,KELP,SEASHELLS,2048,1
49900,,,RAINFOREST_RESIN,SEASHELLS,9992,8
49900,,,SQUID_INK,SEASHELLS,1784,1
50100,,,RAINFOREST_RESIN,SEASHELLS,10002,4
50200,,,VOLCANIC_ROCK,SEASHELLS,10168,6
50400,,,JAMS,SEASHELLS,6526,7
50500,,,KELP,SEASHELLS,2047,4
50500,,,KELP,SEASHELLS,2046,2
50500,,,SQUID_INK,SEASHELLS,1785,4
50600,,,KELP,SEASHELLS,2046,2
50600,,,KELP,SEASHELLS,2046,2
50600,,,SQUID_INK,SEASHELLS,1784,2
50600,,,SQUID_INK,SEASHELLS,1784,2
50700,,,RAINFOREST_RESIN,SEASHELLS,9992,1
50900,,,JAMS,SEASHELLS,6527,7
50900,,,JAMS,SEASHELLS,6527,4
50900,,,KELP,SEASHELLS,2046,4
50900,,,SQUID_INK,SEASHELLS,1784,4
51100,,,DJEMBES,SEASHELLS,13459,4
51200,,,CROISSANTS,SEASHELLS,4264,5
51300,,,CROISSANTS,SEASHELLS,4264,5
51400,,,DJEMBES,SEASHELLS,13463,2
51400,,,RAINFOREST_RESIN,SEASHELLS,10001,1
51500,,SUBMISSION,SQUID_INK,SEASHELLS,1781,21
51500,,SUBMISSION,SQUID_INK,SEASHELLS,1781,1
51700,,,CROISSANTS,SEASHELLS,4265,7
51700,,,RAINFOREST_RESIN,SEASHELLS,9998,5
51800,,,KELP,SEASHELLS,2045,2
51800,,,SQUID_INK,SEASHELLS,1781,2
51900,,,CROISSANTS,SEASHELLS,4265,7
52000,,,KELP,SEASHELLS,2046,1
52000,,,KELP,SEASHELLS,2046,3
52000,,,RAINFOREST_RESIN,SEASHELLS,10003,6
52000,,,RAINFOREST_RESIN,SEASHELLS,10001,1
52000,,,SQUID_INK,SEASHELLS,1782,1
52000,,,SQUID_INK,SEASHELLS,1782,3
52100,,SUBMISSION,SQUID_INK,SEASHELLS,1781,21
52100,,SUBMISSION,SQUID_INK,SEASHELLS,1781,1
52300,,,VOLCANIC_ROCK_VOUCHER_10000,SEASHELLS,183,10
52300,,,VOLCANIC_ROCK_VOUCHER_10250,SEASHELLS,42,10
52300,,,VOLCANIC_ROCK_VOUCHER_10500,SEASHELLS,5,10
52300,,,VOLCANIC_ROCK_VOUCHER_9750,SEASHELLS,417,1
52400,,SUBMISSION,SQUID_INK,SEASHELLS,1780,24
52400,,,KELP,SEASHELLS,2046,3
52400,,,SQUID_INK,SEASHELLS,1781,3
52500,SUBMISSION,,SQUID_INK,SEASHELLS,1783,2
52500,SUBMISSION,,SQUID_INK,SEASHELLS,1784,21
52500,,,VOLCANIC_ROCK_VOUCHER_10000,SEASHELLS,187,13
52500,,,VOLCANIC_ROCK_VOUCHER_10000,SEASHELLS,187,2
52500,,,VOLCANIC_ROCK_VOUCHER_10250,SEASHELLS,43,13
52500,,,VOLCANIC_ROCK_VOUCHER_10250,SEASHELLS,43,2
52500,,,VOLCANIC_ROCK_VOUCHER_10500,SEASHELLS,5,13
52500,,,VOLCANIC_ROCK_VOUCHER_10500,SEASHELLS,5,2
52500,,,VOLCANIC_ROCK_VOUCHER_9500,SEASHELLS,669,13
52500,,,VOLCANIC_ROCK_VOUCHER_9500,SEASHELLS,669,2
52500,,,VOLCANIC_ROCK_VOUCHER_9750,SEASHELLS,421,13
52500,,,VOLCANIC_ROCK_VOUCHER_9750,SEASHELLS,421,2
52700,,,KELP,SEASHELLS,2048,1
52700,,,SQUID_INK,SEASHELLS,1783,1
52800,,,VOLCANIC_ROCK,SEASHELLS,10165,6
52900,,,KELP,SEASHELLS,2045,10
52900,,,SQUID_INK,SEASHELLS,1783,10
52900,,,VOLCANIC_ROCK,SEASHELLS,10162,7
52900,,,VOLCANIC_ROCK,SEASHELLS,10162,9
53000,,,PICNIC_BASKET2,SEASHELLS,30123,2
53100,,,JAMS,SEASHELLS,6534,4
53100,,,PICNIC_BASKET1,SEASHELLS,58845,1
53100,,,PICNIC_BASKET2,SEASHELLS,30117,10
53200,SUBMISSION,,SQUID_INK,SEASHELLS,1788,25
53200,SUBMISSION,,SQUID_INK,SEASHELLS,1788,2
53200,,,VOLCANIC_ROCK_VOUCHER_10000,SEASHELLS,187,12
53200,,,VOLCANIC_ROCK_VOUCHER_10000,SEASHELLS,187,2
53200,,,VOLCANIC_ROCK_VOUCHER_10250,SEASHELLS,42,12
53200,,,VOLCANIC_ROCK_VOUCHER_10250,SEASHELLS,42,2
53200,,,VOLCANIC_ROCK_VOUCHER_10500,SEASHELLS,5,12
53200,,,VOLCANIC_ROCK_VOUCHER_10500,SEASHELLS,5,2
53200,,,VOLCANIC_ROCK_VOUCHER_9500,SEASHELLS,665,12
53200,,,VOLCANIC_ROCK_VOUCHER_9500,SEASHELLS,665,2
53200,,,VOLCANIC_ROCK_VOUCHER_9750,SEASHELLS,417,12
53200,,,VOLCANIC_ROCK_VOUCHER_9750,SEASHELLS,417,2
53300,,,VOLCANIC_ROCK,SEASHELLS,10164,6
53500,SUBMISSION,,SQUID_INK,SEASHELLS,1788,5
53500,SUBMISSION,,SQUID_INK,SEASHELLS,1790,13
53800,,,PICNIC_BASKET1,SEASHELLS,58843,3
53800,,,PICNIC_BASKET2,SEASHELLS,30122,3
53900,,,JAMS,SEASHELLS,6543,5
53900,,,RAINFOREST_RESIN,SEASHELLS,10008,2
53900,,,SQUID_INK,SEASHELLS,1788,1
54000,,,DJEMBES,SEASHELLS,13456,1
54100,,,VOLCANIC_ROCK_VOUCHER_10000,SEASHELLS,188,13
54100,,,VOLCANIC_ROCK_VOUCHER_9500,SEASHELLS,665,13
54100,,,VOLCANIC_ROCK_VOUCHER_9750,SEASHELLS,418,13
54200,,,SQUID_INK,SEASHELLS,1788,1
54300,,,VOLCANIC_ROCK,SEASHELLS,10162,7
54500,,,KELP,SEASHELLS,2047,8
54500,,,RAINFOREST_RESIN,SEASHELLS,10008,4
54500,,,SQUID_INK,SEASHELLS,1792,8
54600,,,CROISSANTS,SEASHELLS,4265,7
54600,,,KELP,SEASHELLS,2046,5
54600,,,SQUID_INK,SEASHELLS,1791,5
55000,,,DJEMBES,SEASHELLS,13458,4
55100,,,VOLCANIC_ROCK_VOUCHER_10000,SEASHELLS,177,11
55100,,,VOLCANIC_ROCK_VOUCHER_10000,SEASHELLS,177,1
55100,,,VOLCANIC_ROCK_VOUCHER_10250,SEASHELLS,38,11
55100,,,VOLCANIC_ROCK_VOUCHER_10250,SEASHELLS,38,1
55100,,,VOLCANIC_ROCK_VOUCHER_10500,SEASHELLS,4,11
55100,,,VOLCANIC_ROCK_VOUCHER_10500,SEASHELLS,4,1
55100,,,VOLCANIC_ROCK_VOUCHER_9500,SEASHELLS,654,11
55100,,,VOLCANIC_ROCK_VOUCHER_9500,SEASHELLS,654,1
55100,,,VOLCANIC_ROCK_VOUCHER_9750,SEASHELLS,406,11
55100,,,VOLCANIC_ROCK_VOUCHER_9750,SEASHELLS,406,1
55400,,,JAMS,SEASHELLS,6540,5
55500,,,JAMS,SEASHELLS,6539,9
55500,,,RAINFOREST_RESIN,SEASHELLS,10008,2
55500,,,VOLCANIC_ROCK,SEASHELLS,10151,6
55600,,,JAMS,SEASHELLS,6535,8
55700,,,CROISSANTS,SEASHELLS,4264,5
55800,,,JAMS,SEASHELLS,6535,5
55800,,,KELP,SEASHELLS,2045,13
55800,,,SQUID_INK,SEASHELLS,1790,13
55900,,,CROISSANTS,SEASHELLS,4264,7
56000,,,DJEMBES,SEASHELLS,13454,1
56000,,,KELP,SEASHELLS,2047,4
56000,,,RAINFOREST_RESIN,SEASHELLS,10002,3
56000,,,RAINFOREST_RESIN,SEASHELLS,10001,1
56200,,,KELP,SEASHELLS,2046,3
56200,,,PICNIC_BASKET1,SEASHELLS,58825,1
56200,,,PICNIC_BASKET2,SEASHELLS,30111,1
56200,,,SQUID_INK,SEASHELLS,1791,3
56300,,,RAINFOREST_RESIN,SEASHELLS,10003,3
56300,,,RAINFOREST_RESIN,SEASHELLS,10003,3
56400,,,RAINFOREST_RESIN,SEASHELLS,10008,9
56400,,,RAINFOREST_RESIN,SEASHELLS,10001,1
56400,,,VOLCANIC_ROCK_VOUCHER_10000,SEASHELLS,181,7
56400,,,VOLCANIC_ROCK_VOUCHER_10250,SEASHELLS,39,7
56400,,,VOLCANIC_ROCK_VOUCHER_10500,SEASHELLS,4,7
56400,,,VOLCANIC_ROCK_VOUCHER_9500,SEASHELLS,657,7
56400,,,VOLCANIC_ROCK_VOUCHER_9750,SEASHELLS,408,7
56500,,SUBMISSION,SQUID_INK,SEASHELLS,1789,29
56500,,SUBMISSION,SQUID_INK,SEASHELLS,1789,1
56500,,,JAMS,SEASHELLS,6533,5
56600,,,DJEMBES,SEASHELLS,13459,1
56600,,,PICNIC_BASKET2,SEASHELLS,30098,2
56600,,,VOLCANIC_ROCK_VOUCHER_10000,SEASHELLS,180,12
56600,,,VOLCANIC_ROCK_VOUCHER_10250,SEASHELLS,39,12
56600,,,VOLCANIC_ROCK_VOUCHER_10500,SEASHELLS,4,12
56600,,,VOLCANIC_ROCK_VOUCHER_9500,SEASHELLS,656,12
56600,,,VOLCANIC_ROCK_VOUCHER_9750,SEASHELLS,408,12
56700,,,KELP,SEASHELLS,2045,1
56700,,,SQUID_INK,SEASHELLS,1788,1
57000,,,DJEMBES,SEASHELLS,13460,2
57000,,,JAMS,SEASHELLS,6530,4
57000,,,JAMS,SEASHELLS,6532,8
57100,SUBMISSION,,SQUID_INK,SEASHELLS,1795,23
57100,SUBMISSION,,SQUID_INK,SEASHELLS,1795,2
57500,,,RAINFOREST_RESIN,SEASHELLS,9992,7
57500,,,VOLCANIC_ROCK,SEASHELLS,10161,3
57500,,,VOLCANIC_ROCK_VOUCHER_10000,SEASHELLS,182,11
57500,,,VOLCANIC_ROCK_VOUCHER_10250,SEASHELLS,41,11
57500,,,VOLCANIC_ROCK_VOUCHER_9500,SEASHELLS,661,11
57500,,,VOLCANIC_ROCK_VOUCHER_9750,SEASHELLS,414,11
57600,,,KELP,SEASHELLS,2047,1
57600,,,KELP,SEASHELLS,2048,6
57600,,,SQUID_INK,SEASHELLS,1794,1
57600,,,SQUID_INK,SEASHELLS,1795,6
57800,,,RAINFOREST_RESIN,SEASHELLS,10008,7
57800,,,VOLCANIC_ROCK_VOUCHER_10000,SEASHELLS,181,13
57800,,,VOLCANIC_ROCK_VOUCHER_10000,SEASHELLS,181,2
57800,,,VOLCANIC_ROCK_VOUCHER_10250,SEASHELLS,40,13
57800,,,VOLCANIC_ROCK_VOUCHER_10250,SEASHELLS,40,2
57800,,,VOLCANIC_ROCK_VOUCHER_10500,SEASHELLS,5,13
57800,,,VOLCANIC_ROCK_VOUCHER_10500,SEASHELLS,5,2
57800,,,VOLCANIC_ROCK_VOUCHER_9500,SEASHELLS,660,13
57800,,,VOLCANIC_ROCK_VOUCHER_9500,SEASHELLS,660,2
57800,,,VOLCANIC_ROCK_VOUCHER_9750,SEASHELLS,412,13
57800,,,VOLCANIC_ROCK_VOUCHER_9750,SEASHELLS,412,2
57900,SUBMISSION,,SQUID_INK,SEASHELLS,1796,5
58000,,SUBMISSION,SQUID_INK,SEASHELLS,1795,1
58000,,,KELP,SEASHELLS,2047,1
58200,,,KELP,SEASHELLS,2048,1
58200,,,SQUID_INK,SEASHELLS,1794,1
58300,,,RAINFOREST_RESIN,SEASHELLS,9992,7
58300,,,RAINFOREST_RESIN,SEASHELLS,9998,3
58400,,,CROISSANTS,SEASHELLS,4265,8
58400,,,RAINFOREST_RESIN,SEASHELLS,9992,6
58600,,,JAMS,SEASHELLS,6531,8
58700,,SUBMISSION,SQUID_INK,SEASHELLS,1789,20
58700,,,KELP,SEASHELLS,2046,3
58700,,,SQUID_INK,SEASHELLS,1790,3
58900,,SUBMISSION,SQUID_INK,SEASHELLS,1787,23
58900,,SUBMISSION,SQUID_INK,SEASHELLS,1787,2
58900,,,VOLCANIC_ROCK,SEASHELLS,10157,6
59000,,,CROISSANTS,SEASHELLS,4265,9
59200,,SUBMISSION,SQUID_INK,SEASHELLS,1786,7
59200,,SUBMISSION,SQUID_INK,SEASHELLS,1784,25
59200,,,RAINFOREST_RESIN,SEASHELLS,10008,1
59200,,,RAINFOREST_RESIN,SEASHELLS,10001,1
59300,SUBMISSION,,SQUID_INK,SEASHELLS,1786,26
59300,,,JAMS,SEASHELLS,6529,10
59300,,,VOLCANIC_ROCK,SEASHELLS,10158,1
59300,,,VOLCANIC_ROCK,SEASHELLS,10159,5
59400,SUBMISSION,,SQUID_INK,SEASHELLS,1787,23
59400,SUBMISSION,,SQUID_INK,SEASHELLS,1787,1
59600,,,JAMS,SEASHELLS,6529,6
59700,,,RAINFOREST_RESIN,SEASHELLS,10001,1
59800,,,RAINFOREST_RESIN,SEASHELLS,10008,5
59900,,,JAMS,SEASHELLS,6530,7
60000,,SUBMISSION,SQUID_INK,SEASHELLS,1785,25
60000,,SUBMISSION,SQUID_INK,SEASHELLS,1785,1
60000,,,PICNIC_BASKET1,SEASHELLS,58846,1
60000,,,PICNIC_BASKET2,SEASHELLS,30103,1
60000,,,RAINFOREST_RESIN,SEASHELLS,10008,7
60100,SUBMISSION,,SQUID_INK,SEASHELLS,1787,23
60100,SUBMISSION,,SQUID_INK,SEASHELLS,1787,1
60100,,,VOLCANIC_ROCK_VOUCHER_10000,SEASHELLS,182,16
60100,,,VOLCANIC_ROCK_VOUCHER_10250,SEASHELLS,41,16
60100,,,VOLCANIC_ROCK_VOUCHER_9500,SEASHELLS,662,16
60100,,,VOLCANIC_ROCK_VOUCHER_9750,SEASHELLS,414,16
60300,,,CROISSANTS,SEASHELLS,4266,8
60300,,,PICNIC_BASKET1,SEASHELLS,58849,2
60300,,,PICNIC_BASKET2,SEASHELLS,30103,2
60400,,,JAMS,SEASHELLS,6534,4
60500,,,KELP,SEASHELLS,2046,1
60500,,,KELP,SEASHELLS,2047,4
60500,,,PICNIC_BASKET1,SEASHELLS,58849,6
60500,,,PICNIC_BASKET2,SEASHELLS,30100,6
60500,,,SQUID_INK,SEASHELLS,1783,4
60500,,,SQUID_INK,SEASHELLS,1783,1
60600,,,JAMS,SEASHELLS,6536,6
60900,,,JAMS,SEASHELLS,6537,6
60900,,,KELP,SEASHELLS,2048,1
60900,,,PICNIC_BASKET1,SEASHELLS,58869,4
60900,,,PICNIC_BASKET2,SEASHELLS,30102,4
60900,,,SQUID_INK,SEASHELLS,1782,1
61000,,,RAINFOREST_RESIN,SEASHELLS,10001,1
61100,,,PICNIC_BASKET1,SEASHELLS,58851,1
61100,,,PICNIC_BASKET2,SEASHELLS,30096,7
61100,,,RAINFOREST_RESIN,SEASHELLS,10000,2
61300,,,CROISSANTS,SEASHELLS,4264,7
61400,,,KELP,SEASHELLS,2047,6
61400,,,SQUID_INK,SEASHELLS,1781,6
61500,,,KELP,SEASHELLS,2046,1
61500,,,SQUID_INK,SEASHELLS,1780,1
61600,,SUBMISSION,SQUID_INK,SEASHELLS,1780,22
61700,SUBMISSION,,SQUID_INK,SEASHELLS,1786,26
61700,,,RAINFOREST_RESIN,SEASHELLS,10003,7
61700,,,RAINFOREST_RESIN,SEASHELLS,10002,3
61900,,,JAMS,SEASHELLS,6543,8
62000,,,DJEMBES,SEASHELLS,13459,5
62100,,,KELP,SEASHELLS,2046,1
62100,,,KELP,SEASHELLS,2048,2
62100,,,SQUID_INK,SEASHELLS,1779,1
62100,,,SQUID_INK,SEASHELLS,1781,2
62200,SUBMISSION,,SQUID_INK,SEASHELLS,1783,26
62400,,,CROISSANTS,SEASHELLS,4264,6
62500,,SUBMISSION,SQUID_INK,SEASHELLS,1778,30
62500,,SUBMISSION,SQUID_INK,SEASHELLS,1778,2
62500,,,DJEMBES,SEASHELLS,13460,3
62600,,,VOLCANIC_ROCK,SEASHELLS,10185,9
62700,,,RAINFOREST_RESIN,SEASHELLS,10002,3
62800,,,DJEMBES,SEASHELLS,13459,2
62800,,,JAMS,SEASHELLS,6539,7
63000,,,CROISSANTS,SEASHELLS,4263,7
63000,,,RAINFOREST_RESIN,SEASHELLS,9998,5
63100,,,VOLCANIC_ROCK_VOUCHER_10000,SEASHELLS,198,14
63100,,,VOLCANIC_ROCK_VOUCHER_10250,SEASHELLS,48,14
63100,,,VOLCANIC_ROCK_VOUCHER_9500,SEASHELLS,682,14
63100,,,VOLCANIC_ROCK_VOUCHER_9750,SEASHELLS,434,14
63300,,SUBMISSION,SQUID_INK,SEASHELLS,1774,30
63300,,SUBMISSION,SQUID_INK,SEASHELLS,1774,1
63300,,,KELP,SEASHELLS,2046,9
63400,SUBMISSION,,SQUID_INK,SEASHELLS,1777,27
63700,,,KELP,SEASHELLS,2046,5
63700,,,RAINFOREST_RESIN,SEASHELLS,9998,4
63700,,,SQUID_INK,SEASHELLS,1774,5
63800,,,DJEMBES,SEASHELLS,13458,1
63800,,,JAMS,SEASHELLS,6535,4
63800,,,RAINFOREST_RESIN,SEASHELLS,10001,1
63900,,,KELP,SEASHELLS,2047,1
63900,,,KELP,SEASHELLS,2047,3
63900,,,SQUID_INK,SEASHELLS,1775,1
63900,,,SQUID_INK,SEASHELLS,1775,3
64000,,,CROISSANTS,SEASHELLS,4265,5
64000,,,JAMS,SEASHELLS,6536,10
64100,,,KELP,SEASHELLS,2046,1
64100,,,SQUID_INK,SEASHELLS,1777,1
64200,,,RAINFOREST_RESIN,SEASHELLS,9992,6
64300,SUBMISSION,,SQUID_INK,SEASHELLS,1779,24
64300,SUBMISSION,,SQUID_INK,SEASHELLS,1779,2
64400,,,DJEMBES,SEASHELLS,13460,2
64400,,,JAMS,SEASHELLS,6535,5
64500,SUBMISSION,,SQUID_INK,SEASHELLS,1779,10
64500,,,KELP,SEASHELLS,2046,1
64500,,,SQUID_INK,SEASHELLS,1776,1
64500,,,VOLCANIC_ROCK,SEASHELLS,10189,9
64700,,,KELP,SEASHELLS,2049,2
64700,,,SQUID_INK,SEASHELLS,1779,2
64800,,,PICNIC_BASKET1,SEASHELLS,58814,2
64800,,,PICNIC_BASKET2,SEASHELLS,30070,2
65000,,,KELP,SEASHELLS,2046,2
65000,,,SQUID_INK,SEASHELLS,1771,2
65100,,,KELP,SEASHELLS,2046,1
65100,,,RAINFOREST_RESIN,SEASHELLS,10002,3
65100,,,SQUID_INK,SEASHELLS,1773,1
65200,,SUBMISSION,SQUID_INK,SEASHELLS,1773,24
65200,,SUBMISSION,SQUID_INK,SEASHELLS,1773,2
65300,,,RAINFOREST_RESIN,SEASHELLS,10003,4
65300,,,VOLCANIC_ROCK_VOUCHER_10000,SEASHELLS,205,10
65300,,,VOLCANIC_ROCK_VOUCHER_10250,SEASHELLS,51,10
65300,,,VOLCANIC_ROCK_VOUCHER_10500,SEASHELLS,6,10
65300,,,VOLCANIC_ROCK_VOUCHER_9500,SEASHELLS,691,10
65300,,,VOLCANIC_ROCK_VOUCHER_9750,SEASHELLS,443,10
65500,,,DJEMBES,SEASHELLS,13454,2
65600,,SUBMISSION,SQUID_INK,SEASHELLS,1774,27
65600,,,KELP,SEASHELLS,2046,1
65600,,,SQUID_INK,SEASHELLS,1774,1
65700,,,KELP,SEASHELLS,2048,1
65700,,,RAINFOREST_RESIN,SEASHELLS,9998,5
65800,,,DJEMBES,SEASHELLS,13454,4
65900,SUBMISSION,,SQUID_INK,SEASHELLS,1777,27
66000,,,KELP,SEASHELLS,2049,5
66000,,,SQUID_INK,SEASHELLS,1778,5
66100,,,DJEMBES,SEASHELLS,13454,3
66200,,,KELP,SEASHELLS,2045,1
66200,,,SQUID_INK,SEASHELLS,1773,1
66200,,,VOLCANIC_ROCK_VOUCHER_10000,SEASHELLS,204,14
66200,,,VOLCANIC_ROCK_VOUCHER_10000,SEASHELLS,204,2
66200,,,VOLCANIC_ROCK_VOUCHER_9500,SEASHELLS,686,14
66200,,,VOLCANIC_ROCK_VOUCHER_9500,SEASHELLS,686,2
66200,,,VOLCANIC_ROCK_VOUCHER_9750,SEASHELLS,438,14
66200,,,VOLCANIC_ROCK_VOUCHER_9750,SEASHELLS,438,2
66300,,,KELP,SEASHELLS,2047,2
66300,,,SQUID_INK,SEASHELLS,1773,2
66300,,,SQUID_INK,SEASHELLS,1773,3
66300,,,VOLCANIC_ROCK_VOUCHER_10000,SEASHELLS,205,11
66300,,,VOLCANIC_ROCK_VOUCHER_10000,SEASHELLS,205,1
66300,,,VOLCANIC_ROCK_VOUCHER_10250,SEASHELLS,50,11
66300,,,VOLCANIC_ROCK_VOUCHER_10250,SEASHELLS,50,1
66300,,,VOLCANIC_ROCK_VOUCHER_10500,SEASHELLS,6,11
66300,,,VOLCANIC_ROCK_VOUCHER_10500,SEASHELLS,6,1
66300,,,VOLCANIC_ROCK_VOUCHER_9500,SEASHELLS,687,11
66300,,,VOLCANIC_ROCK_VOUCHER_9500,SEASHELLS,687,1
66300,,,VOLCANIC_ROCK_VOUCHER_9750,SEASHELLS,439,11
66300,,,VOLCANIC_ROCK_VOUCHER_9750,SEASHELLS,439,1
66700,,,CROISSANTS,SEASHELLS,4263,7
66700,,,KELP,SEASHELLS,2046,1
66700,,,SQUID_INK,SEASHELLS,1775,1
66800,,,DJEMBES,SEASHELLS,13458,3
66800,,,SQUID_INK,SEASHELLS,1777,4
66900,,,VOLCANIC_ROCK_VOUCHER_10000,SEASHELLS,202,15
66900,,,VOLCANIC_ROCK_VOUCHER_10000,SEASHELLS,202,1
66900,,,VOLCANIC_ROCK_VOUCHER_10250,SEASHELLS,48,15
66900,,,VOLCANIC_ROCK_VOUCHER_10250,SEASHELLS,48,1
66900,,,VOLCANIC_ROCK_VOUCHER_10500,SEASHELLS,6,15
66900,,,VOLCANIC_ROCK_VOUCHER_10500,SEASHELLS,6,1
66900,,,VOLCANIC_ROCK_VOUCHER_9500,SEASHELLS,683,15
66900,,,VOLCANIC_ROCK_VOUCHER_9500,SEASHELLS,683,1
66900,,,VOLCANIC_ROCK_VOUCHER_9750,SEASHELLS,434,15
66900,,,VOLCANIC_ROCK_VOUCHER_9750,SEASHELLS,434,1
67000,,,RAINFOREST_RESIN,SEASHELLS,10002,1
67100,,,DJEMBES,SEASHELLS,13456,3
67100,,,KELP,SEASHELLS,2048,1
67100,,,KELP,SEASHELLS,2046,9
67100,,,SQUID_INK,SEASHELLS,1782,1
67100,,,SQUID_INK,SEASHELLS,1781,9
67200,,,RAINFOREST_RESIN,SEASHELLS,9992,7
67300,,,DJEMBES,SEASHELLS,13457,1
67400,,,JAMS,SEASHELLS,6541,8
67600,SUBMISSION,,SQUID_INK,SEASHELLS,1783,22
67600,SUBMISSION,,SQUID_INK,SEASHELLS,1783,1
67700,,,KELP,SEASHELLS,2046,1
67700,,,RAINFOREST_RESIN,SEASHELLS,10001,1
67900,,,DJEMBES,SEASHELLS,13454,5
68500,,,DJEMBES,SEASHELLS,13456,5
68600,,,KELP,SEASHELLS,2049,1
68600,,,SQUID_INK,SEASHELLS,1784,1
68700,,,CROISSANTS,SEASHELLS,4265,8
68800,,,KELP,SEASHELLS,2046,3
68800,,,SQUID_INK,SEASHELLS,1782,3
68900,SUBMISSION,,SQUID_INK,SEASHELLS,1784,3
68900,,,JAMS,SEASHELLS,6540,10
69000,,,RAINFOREST_RESIN,SEASHELLS,9992,4
69000,,,VOLCANIC_ROCK_VOUCHER_10000,SEASHELLS,208,13
69000,,,VOLCANIC_ROCK_VOUCHER_10000,SEASHELLS,208,1
69000,,,VOLCANIC_ROCK_VOUCHER_9500,SEASHELLS,693,13
69000,,,VOLCANIC_ROCK_VOUCHER_9500,SEASHELLS,693,1
69000,,,VOLCANIC_ROCK_VOUCHER_9750,SEASHELLS,444,13
69000,,,VOLCANIC_ROCK_VOUCHER_9750,SEASHELLS,444,1
69200,,,RAINFOREST_RESIN,SEASHELLS,10008,5
69300,,,DJEMBES,SEASHELLS,13469,11
69400,,,PICNIC_BASKET1,SEASHELLS,58860,1
69400,,,PICNIC_BASKET2,SEASHELLS,30070,1
69500,,,RAINFOREST_RESIN,SEASHELLS,9999,1
69700,,,KELP,SEASHELLS,2046,1
69900,,,DJEMBES,SEASHELLS,13473,1
70000,,SUBMISSION,SQUID_INK,SEASHELLS,1779,20
70000,,SUBMISSION,SQUID_INK,SEASHELLS,1779,1
70000,,,DJEMBES,SEASHELLS,13471,7
70000,,,KELP,SEASHELLS,2046,8
70000,,,KELP,SEASHELLS,2046,9
70000,,,SQUID_INK,SEASHELLS,1779,8
70100,,,VOLCANIC_ROCK,SEASHELLS,10186,5
70100,,,VOLCANIC_ROCK_VOUCHER_9750,SEASHELLS,439,15
70200,,,KELP,SEASHELLS,2049,1
70200,,,SQUID_INK,SEASHELLS,1784,1
70300,,,VOLCANIC_ROCK,SEASHELLS,10184,2
70400,,SUBMISSION,SQUID_INK,SEASHELLS,1780,28
70400,,SUBMISSION,SQUID_INK,SEASHELLS,1780,2
70400,,,VOLCANIC_ROCK_VOUCHER_10000,SEASHELLS,212,16
70400,,,VOLCANIC_ROCK_VOUCHER_10000,SEASHELLS,212,2
70400,,,VOLCANIC_ROCK_VOUCHER_10250,SEASHELLS,51,16
70400,,,VOLCANIC_ROCK_VOUCHER_10250,SEASHELLS,51,2
70400,,,VOLCANIC_ROCK_VOUCHER_9500,SEASHELLS,690,16
70400,,,VOLCANIC_ROCK_VOUCHER_9500,SEASHELLS,690,2
70400,,,VOLCANIC_ROCK_VOUCHER_9750,SEASHELLS,441,16
70400,,,VOLCANIC_ROCK_VOUCHER_9750,SEASHELLS,441,2
70500,SUBMISSION,,SQUID_INK,SEASHELLS,1784,26
70500,SUBMISSION,,SQUID_INK,SEASHELLS,1784,2
70600,,,VOLCANIC_ROCK_VOUCHER_10000,SEASHELLS,202,14
70600,,,VOLCANIC_ROCK_VOUCHER_10000,SEASHELLS,202,2
70600,,,VOLCANIC_ROCK_VOUCHER_10250,SEASHELLS,50,14
70600,,,VOLCANIC_ROCK_VOUCHER_10250,SEASHELLS,50,2
70600,,,VOLCANIC_ROCK_VOUCHER_10500,SEASHELLS,6,14
70600,,,VOLCANIC_ROCK_VOUCHER_10500,SEASHELLS,6,2
70600,,,VOLCANIC_ROCK_VOUCHER_9500,SEASHELLS,686,14
70600,,,VOLCANIC_ROCK_VOUCHER_9500,SEASHELLS,686,2
70600,,,VOLCANIC_ROCK_VOUCHER_9750,SEASHELLS,438,14
70600,,,VOLCANIC_ROCK_VOUCHER_9750,SEASHELLS,438,2
70800,,,VOLCANIC_ROCK,SEASHELLS,10186,7
70900,,,DJEMBES,SEASHELLS,13466,1
71100,SUBMISSION,,SQUID_INK,SEASHELLS,1787,23
71100,,,KELP,SEASHELLS,2048,1
71100,,,SQUID_INK,SEASHELLS,1786,1
71300,,,JAMS,SEASHELLS,6546,6
71300,,,PICNIC_BASKET1,SEASHELLS,58892,1
71300,,,PICNIC_BASKET2,SEASHELLS,30096,1
71500,,,KELP,SEASHELLS,2046,1
71500,,,KELP,SEASHELLS,2049,6
71500,,,SQUID_INK,SEASHELLS,1785,1
71600,,,KELP,SEASHELLS,2046,1
71600,,,SQUID_INK,SEASHELLS,1785,1
71700,,,CROISSANTS,SEASHELLS,4266,6
71900,,,VOLCANIC_ROCK_VOUCHER_10000,SEASHELLS,205,11
71900,,,VOLCANIC_ROCK_VOUCHER_9500,SEASHELLS,688,11
71900,,,VOLCANIC_ROCK_VOUCHER_9750,SEASHELLS,441,11
72100,,,RAINFOREST_RESIN,SEASHELLS,9992,1
72400,,,PICNIC_BASKET1,SEASHELLS,58897,1
72400,,,PICNIC_BASKET1,SEASHELLS,58896,5
72400,,,PICNIC_BASKET2,SEASHELLS,30090,1
72400,,,PICNIC_BASKET2,SEASHELLS,30089,5
72500,,,CROISSANTS,SEASHELLS,4269,7
72600,,,VOLCANIC_ROCK,SEASHELLS,10179,9
72900,,,RAINFOREST_RESIN,SEASHELLS,9992,4
73000,,,KELP,SEASHELLS,2048,1
73000,,,KELP,SEASHELLS,2045,2
73000,,,SQUID_INK,SEASHELLS,1786,1
73000,,,SQUID_INK,SEASHELLS,1785,2
73100,,,VOLCANIC_ROCK_VOUCHER_10000,SEASHELLS,203,11
73100,,,VOLCANIC_ROCK_VOUCHER_9500,SEASHELLS,686,11
73100,,,VOLCANIC_ROCK_VOUCHER_9750,SEASHELLS,437,11
73200,,,KELP,SEASHELLS,2048,1
73200,,,RAINFOREST_RESIN,SEASHELLS,10003,4
73200,,,RAINFOREST_RESIN,SEASHELLS,10008,4
73200,,,SQUID_INK,SEASHELLS,1786,1
73300,,,DJEMBES,SEASHELLS,13472,4
73300,,,KELP,SEASHELLS,2045,1
73300,,,RAINFOREST_RESIN,SEASHELLS,10008,1
73300,,,SQUID_INK,SEASHELLS,1785,1
73300,,,VOLCANIC_ROCK_VOUCHER_10000,SEASHELLS,200,6
73300,,,VOLCANIC_ROCK_VOUCHER_10250,SEASHELLS,48,6
73300,,,VOLCANIC_ROCK_VOUCHER_10500,SEASHELLS,6,6
73300,,,VOLCANIC_ROCK_VOUCHER_9500,SEASHELLS,683,6
73300,,,VOLCANIC_ROCK_VOUCHER_9750,SEASHELLS,434,6
73400,,SUBMISSION,SQUID_INK,SEASHELLS,1785,30
73400,,,VOLCANIC_ROCK_VOUCHER_10000,SEASHELLS,200,10
73400,,,VOLCANIC_ROCK_VOUCHER_10250,SEASHELLS,48,10
73400,,,VOLCANIC_ROCK_VOUCHER_9500,SEASHELLS,681,10
73400,,,VOLCANIC_ROCK_VOUCHER_9750,SEASHELLS,433,10
73500,,,VOLCANIC_ROCK_VOUCHER_10000,SEASHELLS,202,10
73500,,,VOLCANIC_ROCK_VOUCHER_10250,SEASHELLS,48,10
73500,,,VOLCANIC_ROCK_VOUCHER_10500,SEASHELLS,6,10
73500,,,VOLCANIC_ROCK_VOUCHER_9500,SEASHELLS,681,10
73500,,,VOLCANIC_ROCK_VOUCHER_9750,SEASHELLS,433,10
73600,,,CROISSANTS,SEASHELLS,4268,7
73800,,,KELP,SEASHELLS,2049,2
73800,,,SQUID_INK,SEASHELLS,1788,2
74000,SUBMISSION,,SQUID_INK,SEASHELLS,1788,28
74200,,,SQUID_INK,SEASHELLS,1784,1
74300,,,KELP,SEASHELLS,2049,1
74300,,,SQUID_INK,SEASHELLS,1788,1
74400,,SUBMISSION,SQUID_INK,SEASHELLS,1785,21
74400,,,KELP,SEASHELLS,2045,8
74400,,,RAINFOREST_RESIN,SEASHELLS,10008,5
74600,,,JAMS,SEASHELLS,6543,8
74700,,,VOLCANIC_ROCK_VOUCHER_10000,SEASHELLS,207,8
74700,,,VOLCANIC_ROCK_VOUCHER_10250,SEASHELLS,50,8
74700,,,VOLCANIC_ROCK_VOUCHER_10500,SEASHELLS,6,8
74700,,,VOLCANIC_ROCK_VOUCHER_9500,SEASHELLS,688,8
74700,,,VOLCANIC_ROCK_VOUCHER_9750,SEASHELLS,439,8
74900,,,RAINFOREST_RESIN,SEASHELLS,10001,1
75100,,,KELP,SEASHELLS,2046,1
75100,,,SQUID_INK,SEASHELLS,1784,1
75300,,,VOLCANIC_ROCK_VOUCHER_10000,SEASHELLS,204,14
75300,,,VOLCANIC_ROCK_VOUCHER_9500,SEASHELLS,686,14
75300,,,VOLCANIC_ROCK_VOUCHER_9750,SEASHELLS,438,14
75400,,,JAMS,SEASHELLS,6542,4
75400,,,RAINFOREST_RESIN,SEASHELLS,10008,2
75700,,SUBMISSION,SQUID_INK,SEASHELLS,1784,24
75800,,,KELP,SEASHELLS,2047,2
75800,,,SQUID_INK,SEASHELLS,1786,2
75900,,,JAMS,SEASHELLS,6544,5
76500,,,KELP,SEASHELLS,2049,1
76500,,,SQUID_INK,SEASHELLS,1785,1
76800,,SUBMISSION,SQUID_INK,SEASHELLS,1783,25
76800,,SUBMISSION,SQUID_INK,SEASHELLS,1783,1
76800,,,RAINFOREST_RESIN,SEASHELLS,9992,5
76900,SUBMISSION,,SQUID_INK,SEASHELLS,1788,27
76900,,,DJEMBES,SEASHELLS,13480,2
77000,,,KELP,SEASHELLS,2049,12
77000,,,SQUID_INK,SEASHELLS,1789,12
77100,,,KELP,SEASHELLS,2046,5
77100,,,SQUID_INK,SEASHELLS,1785,5
77200,SUBMISSION,,SQUID_INK,SEASHELLS,1789,26
77200,SUBMISSION,,SQUID_INK,SEASHELLS,1789,2
77400,,,KELP,SEASHELLS,2046,1
77400,,,SQUID_INK,SEASHELLS,1786,1
77500,,,VOLCANIC_ROCK_VOUCHER_10000,SEASHELLS,202,11
77500,,,VOLCANIC_ROCK_VOUCHER_10250,SEASHELLS,49,11
77500,,,VOLCANIC_ROCK_VOUCHER_10500,SEASHELLS,6,11
77500,,,VOLCANIC_ROCK_VOUCHER_9750,SEASHELLS,436,11
77600,SUBMISSION,,SQUID_INK,SEASHELLS,1788,18
78200,,SUBMISSION,SQUID_INK,SEASHELLS,1786,1
78200,,SUBMISSION,SQUID_INK,SEASHELLS,1785,29
78200,,SUBMISSION,SQUID_INK,SEASHELLS,1785,1
78200,,,KELP,SEASHELLS,2048,1
78300,,,KELP,SEASHELLS,2046,1
78300,,,SQUID_INK,SEASHELLS,1785,1
78600,,SUBMISSION,SQUID_INK,SEASHELLS,1783,25
78600,,,RAINFOREST_RESIN,SEASHELLS,9992,4
78600,,,SQUID_INK,SEASHELLS,1784,2
78700,SUBMISSION,,SQUID_INK,SEASHELLS,1786,29
78800,,,JAMS,SEASHELLS,6540,11
79000,,SUBMISSION,SQUID_INK,SEASHELLS,1785,28
79200,,,KELP,SEASHELLS,2048,1
79200,,,KELP,SEASHELLS,2050,2
79200,,,RAINFOREST_RESIN,SEASHELLS,9992,1
79200,,,SQUID_INK,SEASHELLS,1783,1
79200,,,SQUID_INK,SEASHELLS,1784,2
79300,SUBMISSION,,SQUID_INK,SEASHELLS,1784,22
79300,SUBMISSION,,SQUID_INK,SEASHELLS,1784,2
79300,,,VOLCANIC_ROCK_VOUCHER_10000,SEASHELLS,197,13
79300,,,VOLCANIC_ROCK_VOUCHER_10250,SEASHELLS,47,13
79300,,,VOLCANIC_ROCK_VOUCHER_10500,SEASHELLS,6,13
79300,,,VOLCANIC_ROCK_VOUCHER_9500,SEASHELLS,680,13
79300,,,VOLCANIC_ROCK_VOUCHER_9750,SEASHELLS,432,13
79400,,,DJEMBES,SEASHELLS,13482,3
79400,,,RAINFOREST_RESIN,SEASHELLS,9999,1
79600,,,DJEMBES,SEASHELLS,13482,5
79800,,SUBMISSION,SQUID_INK,SEASHELLS,1780,23
79800,,,VOLCANIC_ROCK_VOUCHER_10000,SEASHELLS,199,16
79800,,,VOLCANIC_ROCK_VOUCHER_10250,SEASHELLS,47,16
79800,,,VOLCANIC_ROCK_VOUCHER_10500,SEASHELLS,6,16
79800,,,VOLCANIC_ROCK_VOUCHER_9500,SEASHELLS,679,16
79800,,,VOLCANIC_ROCK_VOUCHER_9750,SEASHELLS,431,16
79900,SUBMISSION,,SQUID_INK,SEASHELLS,1782,4
79900,SUBMISSION,,SQUID_INK,SEASHELLS,1783,21
79900,SUBMISSION,,SQUID_INK,SEASHELLS,1783,1
79900,,,VOLCANIC_ROCK_VOUCHER_10000,SEASHELLS,195,13
79900,,,VOLCANIC_ROCK_VOUCHER_10000,SEASHELLS,195,1
79900,,,VOLCANIC_ROCK_VOUCHER_10250,SEASHELLS,46,13
79900,,,VOLCANIC_ROCK_VOUCHER_10250,SEASHELLS,46,1
79900,,,VOLCANIC_ROCK_VOUCHER_10500,SEASHELLS,5,13
79900,,,VOLCANIC_ROCK_VOUCHER_10500,SEASHELLS,5,1
79900,,,VOLCANIC_ROCK_VOUCHER_9500,SEASHELLS,677,13
79900,,,VOLCANIC_ROCK_VOUCHER_9500,SEASHELLS,677,1
79900,,,VOLCANIC_ROCK_VOUCHER_9750,SEASHELLS,430,13
79900,,,VOLCANIC_ROCK_VOUCHER_9750,SEASHELLS,430,1
80000,,,DJEMBES,SEASHELLS,13482,5
80100,,,KELP,SEASHELLS,2048,1
80100,,,VOLCANIC_ROCK_VOUCHER_10000,SEASHELLS,198,13
80100,,,VOLCANIC_ROCK_VOUCHER_10250,SEASHELLS,48,13
80100,,,VOLCANIC_ROCK_VOUCHER_10500,SEASHELLS,6,13
80100,,,VOLCANIC_ROCK_VOUCHER_9500,SEASHELLS,681,13
80100,,,VOLCANIC_ROCK_VOUCHER_9500,SEASHELLS,682,6
80100,,,VOLCANIC_ROCK_VOUCHER_9750,SEASHELLS,433,13
80200,,SUBMISSION,SQUID_INK,SEASHELLS,1780,28
80200,,SUBMISSION,SQUID_INK,SEASHELLS,1780,2
80200,,,CROISSANTS,SEASHELLS,4263,6
80300,SUBMISSION,,SQUID_INK,SEASHELLS,1782,26
80300,,,KELP,SEASHELLS,2047,1
80300,,,SQUID_INK,SEASHELLS,1779,1
80300,,,SQUID_INK,SEASHELLS,1779,2
80300,,,VOLCANIC_ROCK_VOUCHER_10000,SEASHELLS,200,11
80300,,,VOLCANIC_ROCK_VOUCHER_10250,SEASHELLS,48,11
80300,,,VOLCANIC_ROCK_VOUCHER_10500,SEASHELLS,6,11
80300,,,VOLCANIC_ROCK_VOUCHER_9500,SEASHELLS,683,11
80300,,,VOLCANIC_ROCK_VOUCHER_9750,SEASHELLS,435,11
80400,,,DJEMBES,SEASHELLS,13482,3
80400,,,KELP,SEASHELLS,2047,1
80400,,,SQUID_INK,SEASHELLS,1780,1
80500,,SUBMISSION,SQUID_INK,SEASHELLS,1780,8
80500,,SUBMISSION,SQUID_INK,SEASHELLS,1779,29
80500,,SUBMISSION,SQUID_INK,SEASHELLS,1779,2
80600,SUBMISSION,,SQUID_INK,SEASHELLS,1781,21
80600,SUBMISSION,,SQUID_INK,SEASHELLS,1781,1
80600,,,KELP,SEASHELLS,2047,9
80600,,,SQUID_INK,SEASHELLS,1778,9
80700,,,VOLCANIC_ROCK,SEASHELLS,10186,5
80800,,,CROISSANTS,SEASHELLS,4263,5
81000,,,JAMS,SEASHELLS,6537,6
81000,,,KELP,SEASHELLS,2047,1
81000,,,KELP,SEASHELLS,2047,12
81000,,,SQUID_INK,SEASHELLS,1779,1
81000,,,SQUID_INK,SEASHELLS,1779,12
81100,,,CROISSANTS,SEASHELLS,4262,7
81200,,SUBMISSION,SQUID_INK,SEASHELLS,1780,27
81200,,SUBMISSION,SQUID_INK,SEASHELLS,1780,1
81300,,,DJEMBES,SEASHELLS,13483,3
81400,SUBMISSION,,SQUID_INK,SEASHELLS,1783,26
81400,SUBMISSION,,SQUID_INK,SEASHELLS,1783,2
81400,,,VOLCANIC_ROCK,SEASHELLS,10182,1
81500,,,KELP,SEASHELLS,2047,1
81500,,,SQUID_INK,SEASHELLS,1779,1
81900,,SUBMISSION,SQUID_INK,SEASHELLS,1777,30
82000,SUBMISSION,,SQUID_INK,SEASHELLS,1780,7
82000,SUBMISSION,,SQUID_INK,SEASHELLS,1781,21
82000,,,JAMS,SEASHELLS,6536,7
82100,,SUBMISSION,SQUID_INK,SEASHELLS,1777,3
82100,,SUBMISSION,SQUID_INK,SEASHELLS,1777,29
82100,SUBMISSION,,SQUID_INK,SEASHELLS,1778,5
82100,,,DJEMBES,SEASHELLS,13482,5
82200,SUBMISSION,,SQUID_INK,SEASHELLS,1779,27
82200,SUBMISSION,,SQUID_INK,SEASHELLS,1779,1
82200,,,CROISSANTS,SEASHELLS,4263,6
82200,,,JAMS,SEASHELLS,6536,10
82200,,,KELP,SEASHELLS,2047,2
82200,,,RAINFOREST_RESIN,SEASHELLS,10008,6
82200,,,SQUID_INK,SEASHELLS,1776,2
82300,SUBMISSION,,SQUID_INK,SEASHELLS,1778,21
82300,SUBMISSION,,SQUID_INK,SEASHELLS,1778,2
82600,,,KELP,SEASHELLS,2048,2
82600,,,RAINFOREST_RESIN,SEASHELLS,10008,4
82600,,,SQUID_INK,SEASHELLS,1776,2
82700,,SUBMISSION,SQUID_INK,SEASHELLS,1775,26
82700,,SUBMISSION,SQUID_INK,SEASHELLS,1775,1
82700,,,DJEMBES,SEASHELLS,13485,4
82800,SUBMISSION,,SQUID_INK,SEASHELLS,1779,22
82800,SUBMISSION,,SQUID_INK,SEASHELLS,1779,2
82900,,SUBMISSION,SQUID_INK,SEASHELLS,1776,5
82900,,SUBMISSION,SQUID_INK,SEASHELLS,1775,24
82900,,SUBMISSION,SQUID_INK,SEASHELLS,1775,2
83000,SUBMISSION,,SQUID_INK,SEASHELLS,1777,29
83100,,,CROISSANTS,SEASHELLS,4264,8
83100,,,RAINFOREST_RESIN,SEASHELLS,9998,1
83100,,,RAINFOREST_RESIN,SEASHELLS,9998,3
83200,,,JAMS,SEASHELLS,6535,6
83200,,,VOLCANIC_ROCK_VOUCHER_10000,SEASHELLS,203,14
83200,,,VOLCANIC_ROCK_VOUCHER_10000,SEASHELLS,203,2
83200,,,VOLCANIC_ROCK_VOUCHER_10250,SEASHELLS,50,14
83200,,,VOLCANIC_ROCK_VOUCHER_10250,SEASHELLS,50,2
83200,,,VOLCANIC_ROCK_VOUCHER_10500,SEASHELLS,6,14
83200,,,VOLCANIC_ROCK_VOUCHER_10500,SEASHELLS,6,2
83200,,,VOLCANIC_ROCK_VOUCHER_9500,SEASHELLS,687,14
83200,,,VOLCANIC_ROCK_VOUCHER_9500,SEASHELLS,687,2
83200,,,VOLCANIC_ROCK_VOUCHER_9750,SEASHELLS,438,14
83200,,,VOLCANIC_ROCK_VOUCHER_9750,SEASHELLS,438,2
83300,,,KELP,SEASHELLS,2049,1
83300,,,KELP,SEASHELLS,2047,2
83300,,,RAINFOREST_RESIN,SEASHELLS,10008,6
83300,,,SQUID_INK,SEASHELLS,1778,1
83300,,,SQUID_INK,SEASHELLS,1777,2
83400,,,JAMS,SEASHELLS,6535,8
83400,,,KELP,SEASHELLS,2047,2
83400,,,SQUID_INK,SEASHELLS,1777,2
83500,,,CROISSANTS,SEASHELLS,4262,4
83500,,,DJEMBES,SEASHELLS,13483,5
83500,,,VOLCANIC_ROCK_VOUCHER_10000,SEASHELLS,201,12
83500,,,VOLCANIC_ROCK_VOUCHER_10250,SEASHELLS,49,12
83500,,,VOLCANIC_ROCK_VOUCHER_10500,SEASHELLS,6,12
83500,,,VOLCANIC_ROCK_VOUCHER_9500,SEASHELLS,684,12
83500,,,VOLCANIC_ROCK_VOUCHER_9750,SEASHELLS,437,12
83600,,,CROISSANTS,SEASHELLS,4262,6
83600,,,CROISSANTS,SEASHELLS,4262,5
83600,,,JAMS,SEASHELLS,6534,6
83800,SUBMISSION,,SQUID_INK,SEASHELLS,1779,28
83800,SUBMISSION,,SQUID_INK,SEASHELLS,1779,1
84000,,,DJEMBES,SEASHELLS,13487,1
84000,,,PICNIC_BASKET1,SEASHELLS,58876,10
84000,,,PICNIC_BASKET2,SEASHELLS,30065,10
84000,,,VOLCANIC_ROCK_VOUCHER_10000,SEASHELLS,203,13
84000,,,VOLCANIC_ROCK_VOUCHER_10250,SEASHELLS,49,13
84000,,,VOLCANIC_ROCK_VOUCHER_10500,SEASHELLS,6,13
84000,,,VOLCANIC_ROCK_VOUCHER_9500,SEASHELLS,685,13
84000,,,VOLCANIC_ROCK_VOUCHER_9750,SEASHELLS,436,13
84200,,,RAINFOREST_RESIN,SEASHELLS,9992,1
84300,,,KELP,SEASHELLS,2050,1
84300,,,KELP,SEASHELLS,2050,8
84300,,,SQUID_INK,SEASHELLS,1778,1
84400,,SUBMISSION,SQUID_INK,SEASHELLS,1776,30
84500,,,DJEMBES,SEASHELLS,13487,4
84700,,,DJEMBES,SEASHELLS,13491,3
84800,SUBMISSION,,SQUID_INK,SEASHELLS,1780,28
84800,,,RAINFOREST_RESIN,SEASHELLS,9997,6
85000,SUBMISSION,,SQUID_INK,SEASHELLS,1780,5
85200,,,KELP,SEASHELLS,2049,1
85200,,,SQUID_INK,SEASHELLS,1779,1
85300,,,RAINFOREST_RESIN,SEASHELLS,9999,1
85400,,,RAINFOREST_RESIN,SEASHELLS,9992,5
85400,,,VOLCANIC_ROCK,SEASHELLS,10181,9
85500,,,RAINFOREST_RESIN,SEASHELLS,10001,1
85600,,,VOLCANIC_ROCK_VOUCHER_10000,SEASHELLS,199,16
85600,,,VOLCANIC_ROCK_VOUCHER_10250,SEASHELLS,48,16
85600,,,VOLCANIC_ROCK_VOUCHER_10500,SEASHELLS,6,16
85600,,,VOLCANIC_ROCK_VOUCHER_9500,SEASHELLS,683,16
85600,,,VOLCANIC_ROCK_VOUCHER_9750,SEASHELLS,434,16
85700,,,RAINFOREST_RESIN,SEASHELLS,9992,1
85700,,,SQUID_INK,SEASHELLS,1778,1
85800,,,CROISSANTS,SEASHELLS,4263,6
85800,,,RAINFOREST_RESIN,SEASHELLS,9992,1
85900,,,KELP,SEASHELLS,2047,1
85900,,,SQUID_INK,SEASHELLS,1778,1
86000,,,RAINFOREST_RESIN,SEASHELLS,10001,1
86100,,,RAINFOREST_RESIN,SEASHELLS,9992,7
86200,,,CROISSANTS,SEASHELLS,4265,6
86200,,,CROISSANTS,SEASHELLS,4265,6
86300,,,DJEMBES,SEASHELLS,13490,1
86300,,,JAMS,SEASHELLS,6531,6
86400,,,KELP,SEASHELLS,2047,1
86400,,,SQUID_INK,SEASHELLS,1782,1
86700,,,JAMS,SEASHELLS,6531,3
86800,,,KELP,SEASHELLS,2048,1
86800,,,SQUID_INK,SEASHELLS,1782,1
86800,,,SQUID_INK,SEASHELLS,1783,2
86900,,,KELP,SEASHELLS,2048,3
86900,,,SQUID_INK,SEASHELLS,1782,3
87100,,,JAMS,SEASHELLS,6532,10
87100,,,KELP,SEASHELLS,2048,1
87100,,,SQUID_INK,SEASHELLS,1781,1
87300,,,RAINFOREST_RESIN,SEASHELLS,10002,5
87400,,SUBMISSION,SQUID_INK,SEASHELLS,1781,21
87400,,SUBMISSION,SQUID_INK,SEASHELLS,1781,2
87400,,,CROISSANTS,SEASHELLS,4266,5
87400,,,DJEMBES,SEASHELLS,13489,1
87400,,,JAMS,SEASHELLS,6536,8
87500,,,RAINFOREST_RESIN,SEASHELLS,9992,5
87800,,SUBMISSION,SQUID_INK,SEASHELLS,1777,29
87800,,SUBMISSION,SQUID_INK,SEASHELLS,1777,1
87900,SUBMISSION,,SQUID_INK,SEASHELLS,1782,22
88100,,,CROISSANTS,SEASHELLS,4265,6
88100,,,PICNIC_BASKET1,SEASHELLS,58915,5
88100,,,PICNIC_BASKET2,SEASHELLS,30087,5
88300,,,KELP,SEASHELLS,2051,1
88300,,,SQUID_INK,SEASHELLS,1783,1
88400,,,VOLCANIC_ROCK,SEASHELLS,10179,2
88500,,,DJEMBES,SEASHELLS,13493,1
88600,,,DJEMBES,SEASHELLS,13492,2
88700,,,CROISSANTS,SEASHELLS,4266,6
88700,,,DJEMBES,SEASHELLS,13490,1
88800,SUBMISSION,,SQUID_INK,SEASHELLS,1786,21
88800,SUBMISSION,,SQUID_INK,SEASHELLS,1786,2
89000,SUBMISSION,,SQUID_INK,SEASHELLS,1786,8
89000,,,PICNIC_BASKET1,SEASHELLS,58902,1
89000,,,PICNIC_BASKET1,SEASHELLS,58902,6
89100,,,RAINFOREST_RESIN,SEASHELLS,9992,5
89200,,,JAMS,SEASHELLS,6534,10
89200,,,VOLCANIC_ROCK_VOUCHER_10000,SEASHELLS,200,17
89200,,,VOLCANIC_ROCK_VOUCHER_10000,SEASHELLS,200,2
89200,,,VOLCANIC_ROCK_VOUCHER_10250,SEASHELLS,46,17
89200,,,VOLCANIC_ROCK_VOUCHER_10250,SEASHELLS,46,2
89200,,,VOLCANIC_ROCK_VOUCHER_10500,SEASHELLS,5,17
89200,,,VOLCANIC_ROCK_VOUCHER_10500,SEASHELLS,5,2
89200,,,VOLCANIC_ROCK_VOUCHER_9500,SEASHELLS,678,17
89200,,,VOLCANIC_ROCK_VOUCHER_9500,SEASHELLS,678,2
89200,,,VOLCANIC_ROCK_VOUCHER_9750,SEASHELLS,429,17
89200,,,VOLCANIC_ROCK_VOUCHER_9750,SEASHELLS,429,2
89300,,,RAINFOREST_RESIN,SEASHELLS,10008,8
89400,,,KELP,SEASHELLS,2050,2
89400,,,SQUID_INK,SEASHELLS,1786,2
89500,,,DJEMBES,SEASHELLS,13490,1
89600,,,CROISSANTS,SEASHELLS,4266,5
89600,,,JAMS,SEASHELLS,6535,8
89700,,,DJEMBES,SEASHELLS,13490,5
89800,,,VOLCANIC_ROCK_VOUCHER_10000,SEASHELLS,199,14
89800,,,VOLCANIC_ROCK_VOUCHER_10250,SEASHELLS,48,14
89800,,,VOLCANIC_ROCK_VOUCHER_10500,SEASHELLS,6,14
89800,,,VOLCANIC_ROCK_VOUCHER_9500,SEASHELLS,683,14
89800,,,VOLCANIC_ROCK_VOUCHER_9750,SEASHELLS,435,14
89900,,,JAMS,SEASHELLS,6534,3
89900,,,RAINFOREST_RESIN,SEASHELLS,10002,4
89900,,,VOLCANIC_ROCK_VOUCHER_10000,SEASHELLS,204,12
89900,,,VOLCANIC_ROCK_VOUCHER_10250,SEASHELLS,47,12
89900,,,VOLCANIC_ROCK_VOUCHER_10500,SEASHELLS,6,12
89900,,,VOLCANIC_ROCK_VOUCHER_9500,SEASHELLS,681,12
89900,,,VOLCANIC_ROCK_VOUCHER_9750,SEASHELLS,432,12
90000,,,KELP,SEASHELLS,2051,1
90000,,,KELP,SEASHELLS,2050,2
90000,,,SQUID_INK,SEASHELLS,1788,1
90000,,,SQUID_INK,SEASHELLS,1787,2
90100,,,RAINFOREST_RESIN,SEASHELLS,10003,6
90200,,,KELP,SEASHELLS,2049,6
90200,,,KELP,SEASHELLS,2049,9
90200,,,SQUID_INK,SEASHELLS,1788,6
90200,,,SQUID_INK,SEASHELLS,1788,2
90200,,,SQUID_INK,SEASHELLS,1788,7
90400,,,RAINFOREST_RESIN,SEASHELLS,9992,2
90500,,,VOLCANIC_ROCK_VOUCHER_10000,SEASHELLS,193,11
90500,,,VOLCANIC_ROCK_VOUCHER_10250,SEASHELLS,46,11
90500,,,VOLCANIC_ROCK_VOUCHER_10500,SEASHELLS,5,11
90500,,,VOLCANIC_ROCK_VOUCHER_9500,SEASHELLS,676,11
90500,,,VOLCANIC_ROCK_VOUCHER_9750,SEASHELLS,428,11
90700,,,DJEMBES,SEASHELLS,13489,2
90700,,,KELP,SEASHELLS,2048,1
90700,,,RAINFOREST_RESIN,SEASHELLS,10001,1
90800,,,JAMS,SEASHELLS,6533,8
90800,,,KELP,SEASHELLS,2048,1
90800,,,RAINFOREST_RESIN,SEASHELLS,10008,8
90800,,,SQUID_INK,SEASHELLS,1788,1
91000,,SUBMISSION,SQUID_INK,SEASHELLS,1791,2
91100,,,DJEMBES,SEASHELLS,13491,2
91100,,,KELP,SEASHELLS,2048,2
91100,,,SQUID_INK,SEASHELLS,1790,2
91200,,,PICNIC_BASKET1,SEASHELLS,58876,2
91200,,,PICNIC_BASKET1,SEASHELLS,58875,2
91200,,,PICNIC_BASKET2,SEASHELLS,30101,4
91300,SUBMISSION,,SQUID_INK,SEASHELLS,1792,2
91300,,SUBMISSION,SQUID_INK,SEASHELLS,1791,1
91300,,,VOLCANIC_ROCK,SEASHELLS,10177,10
91400,,SUBMISSION,SQUID_INK,SEASHELLS,1791,29
91400,,SUBMISSION,SQUID_INK,SEASHELLS,1791,1
91400,,,SQUID_INK,SEASHELLS,1792,4
91500,,,CROISSANTS,SEASHELLS,4267,8
91600,,SUBMISSION,SQUID_INK,SEASHELLS,1791,23
91600,,SUBMISSION,SQUID_INK,SEASHELLS,1791,1
91600,,,DJEMBES,SEASHELLS,13490,5
91600,,,RAINFOREST_RESIN,SEASHELLS,9992,7
91700,,,VOLCANIC_ROCK_VOUCHER_10000,SEASHELLS,197,12
91700,,,VOLCANIC_ROCK_VOUCHER_10000,SEASHELLS,197,1
91700,,,VOLCANIC_ROCK_VOUCHER_10250,SEASHELLS,46,12
91700,,,VOLCANIC_ROCK_VOUCHER_10250,SEASHELLS,46,1
91700,,,VOLCANIC_ROCK_VOUCHER_10500,SEASHELLS,5,12
91700,,,VOLCANIC_ROCK_VOUCHER_10500,SEASHELLS,5,1
91700,,,VOLCANIC_ROCK_VOUCHER_9500,SEASHELLS,678,12
91700,,,VOLCANIC_ROCK_VOUCHER_9500,SEASHELLS,678,1
91700,,,VOLCANIC_ROCK_VOUCHER_9750,SEASHELLS,430,12
91700,,,VOLCANIC_ROCK_VOUCHER_9750,SEASHELLS,430,1
91800,,,KELP,SEASHELLS,2050,2
91800,,,RAINFOREST_RESIN,SEASHELLS,10008,5
91800,,,RAINFOREST_RESIN,SEASHELLS,9992,1
91800,,,SQUID_INK,SEASHELLS,1792,2
91900,,,PICNIC_BASKET1,SEASHELLS,58896,1
91900,,,PICNIC_BASKET1,SEASHELLS,58895,5
91900,,,PICNIC_BASKET2,SEASHELLS,30103,1
91900,,,PICNIC_BASKET2,SEASHELLS,30102,5
91900,,,VOLCANIC_ROCK,SEASHELLS,10173,2
92000,,,JAMS,SEASHELLS,6537,4
92000,,,RAINFOREST_RESIN,SEASHELLS,9992,2
92100,SUBMISSION,,SQUID_INK,SEASHELLS,1795,26
92100,SUBMISSION,,SQUID_INK,SEASHELLS,1795,1
92200,,SUBMISSION,SQUID_INK,SEASHELLS,1793,2
92200,,SUBMISSION,SQUID_INK,SEASHELLS,1793,30
92200,,SUBMISSION,SQUID_INK,SEASHELLS,1793,1
92200,,,VOLCANIC_ROCK_VOUCHER_10000,SEASHELLS,196,13
92200,,,VOLCANIC_ROCK_VOUCHER_10000,SEASHELLS,196,1
92200,,,VOLCANIC_ROCK_VOUCHER_10250,SEASHELLS,47,13
92200,,,VOLCANIC_ROCK_VOUCHER_10250,SEASHELLS,47,1
92200,,,VOLCANIC_ROCK_VOUCHER_10500,SEASHELLS,6,13
92200,,,VOLCANIC_ROCK_VOUCHER_10500,SEASHELLS,6,1
92200,,,VOLCANIC_ROCK_VOUCHER_9500,SEASHELLS,681,13
92200,,,VOLCANIC_ROCK_VOUCHER_9500,SEASHELLS,681,1
92200,,,VOLCANIC_ROCK_VOUCHER_9750,SEASHELLS,433,13
92200,,,VOLCANIC_ROCK_VOUCHER_9750,SEASHELLS,433,1
92400,SUBMISSION,,SQUID_INK,SEASHELLS,1795,8
92400,SUBMISSION,,SQUID_INK,SEASHELLS,1796,22
92400,,,KELP,SEASHELLS,2050,2
92400,,,VOLCANIC_ROCK,SEASHELLS,10186,10
92500,,SUBMISSION,SQUID_INK,SEASHELLS,1792,21
92600,SUBMISSION,,SQUID_INK,SEASHELLS,1795,24
92600,SUBMISSION,,SQUID_INK,SEASHELLS,1795,1
92600,,,DJEMBES,SEASHELLS,13496,4
92600,,,DJEMBES,SEASHELLS,13496,1
92700,,SUBMISSION,SQUID_INK,SEASHELLS,1791,25
92700,,SUBMISSION,SQUID_INK,SEASHELLS,1791,1
92800,,,DJEMBES,SEASHELLS,13499,1
92800,,,RAINFOREST_RESIN,SEASHELLS,10008,7
93100,,,KELP,SEASHELLS,2049,2
93100,,,SQUID_INK,SEASHELLS,1794,2
93200,SUBMISSION,,SQUID_INK,SEASHELLS,1798,24
93200,SUBMISSION,,SQUID_INK,SEASHELLS,1798,1
93200,,,DJEMBES,SEASHELLS,13497,3
93300,,SUBMISSION,SQUID_INK,SEASHELLS,1794,26
93300,,,DJEMBES,SEASHELLS,13496,2
93300,,,KELP,SEASHELLS,2049,4
93300,,,KELP,SEASHELLS,2049,2
93400,SUBMISSION,,SQUID_INK,SEASHELLS,1797,28
93400,,,CROISSANTS,SEASHELLS,4267,4
93400,,,PICNIC_BASKET1,SEASHELLS,58932,5
93400,,,PICNIC_BASKET2,SEASHELLS,30116,5
93500,,SUBMISSION,SQUID_INK,SEASHELLS,1795,2
93500,,SUBMISSION,SQUID_INK,SEASHELLS,1794,24
93700,SUBMISSION,,SQUID_INK,SEASHELLS,1797,29
93700,SUBMISSION,,SQUID_INK,SEASHELLS,1797,2
93700,,,KELP,SEASHELLS,2049,1
93700,,,SQUID_INK,SEASHELLS,1794,1
93800,,SUBMISSION,SQUID_INK,SEASHELLS,1794,22
93900,,,DJEMBES,SEASHELLS,13496,4
93900,,,KELP,SEASHELLS,2048,1
93900,,,SQUID_INK,SEASHELLS,1794,1
93900,,,SQUID_INK,SEASHELLS,1795,4
94200,,SUBMISSION,SQUID_INK,SEASHELLS,1794,27
94200,,SUBMISSION,SQUID_INK,SEASHELLS,1794,2
94300,,,CROISSANTS,SEASHELLS,4267,6
94500,,,JAMS,SEASHELLS,6538,8
94500,,,RAINFOREST_RESIN,SEASHELLS,10008,1
94600,,,JAMS,SEASHELLS,6538,4
94600,,,KELP,SEASHELLS,2051,1
94600,,,RAINFOREST_RESIN,SEASHELLS,9997,6
94600,,,SQUID_INK,SEASHELLS,1796,1
94800,,,JAMS,SEASHELLS,6539,10
94800,,,RAINFOREST_RESIN,SEASHELLS,9997,9
95000,,,JAMS,SEASHELLS,6538,10
95000,,,KELP,SEASHELLS,2051,1
95000,,,PICNIC_BASKET1,SEASHELLS,58919,9
95000,,,PICNIC_BASKET2,SEASHELLS,30112,9
95000,,,RAINFOREST_RESIN,SEASHELLS,10008,2
95000,,,SQUID_INK,SEASHELLS,1796,1
95100,,,RAINFOREST_RESIN,SEASHELLS,9992,2
95100,,,RAINFOREST_RESIN,SEASHELLS,9999,1
95200,,,CROISSANTS,SEASHELLS,4267,5
95400,,,DJEMBES,SEASHELLS,13493,4
95400,,,KELP,SEASHELLS,2052,11
95400,,,SQUID_INK,SEASHELLS,1799,11
95600,,,RAINFOREST_RESIN,SEASHELLS,10008,6
95900,,,RAINFOREST_RESIN,SEASHELLS,10001,1
96100,,SUBMISSION,SQUID_INK,SEASHELLS,1794,28
96100,,,RAINFOREST_RESIN,SEASHELLS,9992,2
96200,,,KELP,SEASHELLS,2049,1
96200,,,SQUID_INK,SEASHELLS,1795,1
96500,,,RAINFOREST_RESIN,SEASHELLS,9997,1
96900,,,SQUID_INK,SEASHELLS,1794,1
97100,,,PICNIC_BASKET1,SEASHELLS,58908,5
97100,,,PICNIC_BASKET2,SEASHELLS,30097,5
97100,,,VOLCANIC_ROCK_VOUCHER_10000,SEASHELLS,192,19
97100,,,VOLCANIC_ROCK_VOUCHER_10000,SEASHELLS,192,1
97100,,,VOLCANIC_ROCK_VOUCHER_10250,SEASHELLS,44,19
97100,,,VOLCANIC_ROCK_VOUCHER_10250,SEASHELLS,44,1
97100,,,VOLCANIC_ROCK_VOUCHER_10500,SEASHELLS,5,19
97100,,,VOLCANIC_ROCK_VOUCHER_10500,SEASHELLS,5,1
97100,,,VOLCANIC_ROCK_VOUCHER_9500,SEASHELLS,671,19
97100,,,VOLCANIC_ROCK_VOUCHER_9500,SEASHELLS,671,1
97100,,,VOLCANIC_ROCK_VOUCHER_9750,SEASHELLS,423,19
97100,,,VOLCANIC_ROCK_VOUCHER_9750,SEASHELLS,423,1
97500,,,JAMS,SEASHELLS,6539,10
97500,,,RAINFOREST_RESIN,SEASHELLS,10008,7
97500,,,VOLCANIC_ROCK,SEASHELLS,10167,3
97600,SUBMISSION,,SQUID_INK,SEASHELLS,1790,26
97600,,,DJEMBES,SEASHELLS,13485,4
97600,,,VOLCANIC_ROCK_VOUCHER_10000,SEASHELLS,190,12
97600,,,VOLCANIC_ROCK_VOUCHER_10250,SEASHELLS,44,12
97600,,,VOLCANIC_ROCK_VOUCHER_10500,SEASHELLS,5,12
97600,,,VOLCANIC_ROCK_VOUCHER_9500,SEASHELLS,670,12
97600,,,VOLCANIC_ROCK_VOUCHER_9750,SEASHELLS,422,12
97700,,SUBMISSION,SQUID_INK,SEASHELLS,1787,24
97700,SUBMISSION,,SQUID_INK,SEASHELLS,1790,25
97700,,,KELP,SEASHELLS,2049,1
97700,,,KELP,SEASHELLS,2053,12
97700,,,KELP,SEASHELLS,2053,1
97700,,,SQUID_INK,SEASHELLS,1787,1
97800,,,DJEMBES,SEASHELLS,13485,1
97900,,SUBMISSION,SQUID_INK,SEASHELLS,1788,21
97900,,SUBMISSION,SQUID_INK,SEASHELLS,1788,2
98000,,,VOLCANIC_ROCK_VOUCHER_10000,SEASHELLS,188,18
98000,,,VOLCANIC_ROCK_VOUCHER_9500,SEASHELLS,669,18
98000,,,VOLCANIC_ROCK_VOUCHER_9750,SEASHELLS,421,18
98100,,,DJEMBES,SEASHELLS,13482,7
98200,,SUBMISSION,SQUID_INK,SEASHELLS,1788,4
98300,,,KELP,SEASHELLS,2050,5
98300,,,SQUID_INK,SEASHELLS,1789,5
98400,,,DJEMBES,SEASHELLS,13480,5
98500,,,RAINFOREST_RESIN,SEASHELLS,9992,2
98600,,,CROISSANTS,SEASHELLS,4265,7
98600,,,JAMS,SEASHELLS,6543,10
98600,,,RAINFOREST_RESIN,SEASHELLS,9998,4
98700,,,KELP,SEASHELLS,2049,2
98700,,,RAINFOREST_RESIN,SEASHELLS,9992,4
98700,,,SQUID_INK,SEASHELLS,1790,2
98900,,,CROISSANTS,SEASHELLS,4264,6
98900,,,KELP,SEASHELLS,2051,1
98900,,,SQUID_INK,SEASHELLS,1789,1
98900,,,VOLCANIC_ROCK_VOUCHER_10000,SEASHELLS,185,15
98900,,,VOLCANIC_ROCK_VOUCHER_10250,SEASHELLS,41,15
98900,,,VOLCANIC_ROCK_VOUCHER_10500,SEASHELLS,5,15
98900,,,VOLCANIC_ROCK_VOUCHER_9500,SEASHELLS,662,15
98900,,,VOLCANIC_ROCK_VOUCHER_9750,SEASHELLS,414,15
99000,,,VOLCANIC_ROCK,SEASHELLS,10162,10
99100,,,KELP,SEASHELLS,2049,1
99100,,,SQUID_INK,SEASHELLS,1787,1
99200,SUBMISSION,,SQUID_INK,SEASHELLS,1790,20
99300,SUBMISSION,,SQUID_INK,SEASHELLS,1790,23
99300,SUBMISSION,,SQUID_INK,SEASHELLS,1790,1
99300,,,KELP,SEASHELLS,2052,1
99300,,,KELP,SEASHELLS,2052,8
99400,SUBMISSION,,SQUID_INK,SEASHELLS,1788,2
99400,SUBMISSION,,SQUID_INK,SEASHELLS,1789,27
99400,,,RAINFOREST_RESIN,SEASHELLS,9998,4
99500,,,DJEMBES,SEASHELLS,13481,2
99500,,,JAMS,SEASHELLS,6543,8
99700,,,KELP,SEASHELLS,2050,1
99700,,,SQUID_INK,SEASHELLS,1786,1
99700,,,VOLCANIC_ROCK_VOUCHER_10000,SEASHELLS,176,10
99700,,,VOLCANIC_ROCK_VOUCHER_10250,SEASHELLS,38,10
99700,,,VOLCANIC_ROCK_VOUCHER_10500,SEASHELLS,4,10
99700,,,VOLCANIC_ROCK_VOUCHER_9500,SEASHELLS,650,10
99700,,,VOLCANIC_ROCK_VOUCHER_9750,SEASHELLS,402,10
99800,,SUBMISSION,SQUID_INK,SEASHELLS,1786,26
99800,,SUBMISSION,SQUID_INK,SEASHELLS,1786,2
99800,,,VOLCANIC_ROCK,SEASHELLS,10155,8
99900,SUBMISSION,,SQUID_INK,SEASHELLS,1790,20
99900,SUBMISSION,,SQUID_INK,SEASHELLS,1790,1
99900,,,CROISSANTS,SEASHELLS,4262,7
