day;timestamp;product;bid_price_1;bid_volume_1;bid_price_2;bid_volume_2;bid_price_3;bid_volume_3;ask_price_1;ask_volume_1;ask_price_2;ask_volume_2;ask_price_3;ask_volume_3;mid_price;profit_and_loss
-1;0;RAINFOREST_RESIN;10002;1;9996;2;9995;29;10004;2;10005;29;;;10003.0;0.0
-1;0;KELP;2028;1;2026;2;2025;29;2029;31;;;;;2028.5;0.0
-1;100;KELP;2025;24;;;;;2028;2;2029;22;;;2026.5;1.157470703125
-1;100;RAINFOREST_RESIN;9996;2;9995;22;;;10004;2;10005;22;;;10000.0;2.0
-1;200;RAINFOREST_RESIN;9995;20;;;;;10005;20;;;;;10000.0;2.0
-1;200;KELP;2025;22;;;;;2028;20;;;;;2026.5;1.23583984375
-1;300;KELP;2025;31;;;;;2028;2;2029;29;;;2026.5;1.1473388671875
-1;300;RAINFOREST_RESIN;9996;2;9995;29;;;10004;2;10005;29;;;10000.0;2.0
-1;400;RAINFOREST_RESIN;9996;2;9995;25;;;10004;2;10005;25;;;10000.0;2.0
-1;400;KELP;2025;27;;;;;2028;27;;;;;2026.5;1.3072509765625
-1;500;KELP;2025;30;;;;;2028;30;;;;;2026.5;1.5458984375
-1;500;RAINFOREST_RESIN;9995;30;;;;;10002;4;10005;30;;;9998.5;2.0
-1;600;RAINFOREST_RESIN;10000;5;9995;25;;;10005;25;;;;;10002.5;2.0
-1;600;KELP;2026;5;2025;31;;;2028;25;;;;;2027.0;1.7823486328125
-1;700;KELP;2025;2;2024;23;;;2028;23;;;;;2026.5;2.140869140625
-1;700;RAINFOREST_RESIN;9995;23;;;;;10005;23;;;;;10000.0;2.0
-1;800;RAINFOREST_RESIN;9996;1;9995;29;;;10004;1;10005;29;;;10000.0;2.0
-1;800;KELP;2024;1;2023;29;;;2027;30;;;;;2025.5;2.7899169921875
-1;900;KELP;2024;23;;;;;2027;23;;;;;2025.5;2.2962646484375
-1;900;RAINFOREST_RESIN;9996;1;9995;22;;;10004;1;10005;22;;;10000.0;2.0
-1;1000;RAINFOREST_RESIN;9995;26;;;;;10005;26;;;;;10000.0;2.0
-1;1000;KELP;2024;26;;;;;2026;6;2027;26;;;2025.0;2.26025390625
-1;1100;KELP;2025;6;2024;26;;;2027;2;2028;24;;;2026.0;2.1490478515625
-1;1100;RAINFOREST_RESIN;9996;2;9995;24;;;10004;2;10005;24;;;10000.0;2.0
-1;1200;RAINFOREST_RESIN;9995;21;;;;;9998;1;10005;21;;;9996.5;2.0
-1;1200;KELP;2024;21;;;;;2026;8;2028;21;;;2025.0;2.03662109375
-1;1300;KELP;2024;31;;;;;2028;31;;;;;2026.0;2.0203857421875
-1;1300;RAINFOREST_RESIN;10002;1;9996;1;9995;30;10004;1;10005;30;;;10003.0;4.0
-1;1400;RAINFOREST_RESIN;9996;1;9995;25;;;10004;1;10005;25;;;10000.0;6.0
-1;1400;KELP;2025;3;2024;25;;;2028;26;;;;;2026.5;1.847900390625
-1;1500;KELP;2024;27;;;;;2028;27;;;;;2026.0;1.7958984375
-1;1500;RAINFOREST_RESIN;9995;27;;;;;10005;27;;;;;10000.0;6.0
-1;1600;RAINFOREST_RESIN;9995;29;;;;;10005;29;;;;;10000.0;6.0
-1;1600;KELP;2024;29;;;;;2026;4;2028;29;;;2025.0;1.8863525390625
-1;1700;KELP;2024;22;;;;;2026;8;2028;22;;;2025.0;1.9713134765625
-1;1700;RAINFOREST_RESIN;9996;2;9995;20;;;10002;1;10004;2;10005;20;9999.0;6.0
-1;1800;RAINFOREST_RESIN;10002;1;9996;1;9995;22;10004;1;10005;22;;;10003.0;6.0
-1;1800;KELP;2024;23;;;;;2028;23;;;;;2026.0;2.08544921875
-1;1900;KELP;2024;29;;;;;2026;5;2027;29;;;2025.0;2.3885498046875
-1;1900;RAINFOREST_RESIN;9996;1;9995;28;;;10004;1;10005;28;;;10000.0;8.0
-1;2000;KELP;2024;26;;;;;2027;26;;;;;2025.5;2.3648681640625
-1;2000;RAINFOREST_RESIN;9996;2;9995;24;;;9998;1;10004;2;10005;24;9997.0;8.0
-1;2100;RAINFOREST_RESIN;9996;2;9995;25;;;10002;3;10004;2;10005;25;9999.0;10.0
-1;2100;KELP;2024;27;;;;;2027;2;2028;25;;;2025.5;2.1878662109375
-1;2200;RAINFOREST_RESIN;9998;8;9996;1;9995;24;10004;1;10005;24;;;10001.0;10.0
-1;2200;KELP;2024;25;;;;;2026;7;2027;1;2028;24;2025.0;2.13720703125
-1;2300;KELP;2024;32;;;;;2028;32;;;;;2026.0;1.999267578125
-1;2300;RAINFOREST_RESIN;9998;7;9996;2;9995;30;10004;2;10005;30;;;10001.0;10.0
-1;2400;KELP;2024;29;;;;;2025;1;2028;29;;;2024.5;1.928955078125
-1;2400;RAINFOREST_RESIN;9995;29;;;;;10005;29;;;;;10000.0;10.0
-1;2500;RAINFOREST_RESIN;9996;1;9995;22;;;10004;1;10005;22;;;10000.0;10.0
-1;2500;KELP;2025;2;2024;23;;;2027;1;2028;22;;;2026.0;3.0
-1;2600;RAINFOREST_RESIN;9995;23;;;;;10005;23;;;;;10000.0;10.0
-1;2600;KELP;2025;3;2024;23;;;2028;23;;;;;2026.5;3.0
-1;2700;KELP;2024;26;;;;;2027;26;;;;;2025.5;3.0
-1;2700;RAINFOREST_RESIN;9998;6;9995;26;;;10005;26;;;;;10001.5;10.0
-1;2800;KELP;2023;25;;;;;2027;25;;;;;2025.0;3.0
-1;2800;RAINFOREST_RESIN;9995;25;;;;;10005;25;;;;;10000.0;10.0
-1;2900;RAINFOREST_RESIN;9996;1;9995;25;;;10004;1;10005;25;;;10000.0;10.0
-1;2900;KELP;2023;26;;;;;2027;26;;;;;2025.0;3.0
-1;3000;RAINFOREST_RESIN;9998;1;9995;26;;;10005;26;;;;;10001.5;10.0
-1;3000;KELP;2024;29;;;;;2027;26;;;;;2025.5;3.0
-1;3100;KELP;2023;26;;;;;2025;5;2026;26;;;2024.0;3.0
-1;3100;RAINFOREST_RESIN;9996;2;9995;24;;;10004;2;10005;24;;;10000.0;10.0
-1;3200;KELP;2023;23;;;;;2025;3;2026;23;;;2024.0;0.5166015625
-1;3200;RAINFOREST_RESIN;9996;1;9995;22;;;10004;1;10005;22;;;10000.0;10.0
-1;3300;RAINFOREST_RESIN;9996;2;9995;30;;;10004;2;10005;30;;;10000.0;10.0
-1;3300;KELP;2023;32;;;;;2025;2;2026;32;;;2024.0;1.2197265625
-1;3400;RAINFOREST_RESIN;9996;2;9995;24;;;10004;2;10005;24;;;10000.0;10.0
-1;3400;KELP;2023;26;;;;;2026;26;;;;;2024.5;1.08203125
-1;3500;KELP;2023;26;;;;;2026;26;;;;;2024.5;1.1650390625
-1;3500;RAINFOREST_RESIN;9995;26;;;;;10005;26;;;;;10000.0;10.0
-1;3600;KELP;2023;21;;;;;2026;21;;;;;2024.5;1.1484375
-1;3600;RAINFOREST_RESIN;9995;21;;;;;9998;4;10005;21;;;9996.5;10.0
-1;3700;RAINFOREST_RESIN;10002;1;9996;1;9995;23;10004;1;10005;23;;;10003.0;18.0
-1;3700;KELP;2023;27;;;;;2026;24;;;;;2024.5;-0.361328125
-1;3800;RAINFOREST_RESIN;9996;2;9995;23;;;10002;10;10004;2;10005;23;9999.0;20.0
-1;3800;KELP;2023;25;;;;;2026;25;;;;;2024.5;-0.412109375
-1;3900;KELP;2023;28;;;;;2026;26;;;;;2024.5;0.0205078125
-1;3900;RAINFOREST_RESIN;9998;1;9996;1;9995;25;10004;1;10005;25;;;10001.0;20.0
-1;4000;KELP;2023;32;;;;;2026;32;;;;;2024.5;0.9990234375
-1;4000;RAINFOREST_RESIN;9996;2;9995;30;;;10004;2;10005;30;;;10000.0;20.0
-1;4100;RAINFOREST_RESIN;9996;2;9995;27;;;10004;2;10005;27;;;10000.0;20.0
-1;4100;KELP;2023;29;;;;;2027;29;;;;;2025.0;2.857421875
-1;4200;RAINFOREST_RESIN;9996;2;9995;24;;;10002;4;10004;2;10005;24;9999.0;20.0
-1;4200;KELP;2023;26;;;;;2027;26;;;;;2025.0;2.7822265625
-1;4300;KELP;2023;29;;;;;2024;5;2026;22;;;2023.5;0.875
-1;4300;RAINFOREST_RESIN;9995;22;;;;;9998;1;10000;6;10005;22;9996.5;20.0
-1;4400;KELP;2023;30;;;;;2026;30;;;;;2024.5;4.271484375
-1;4400;RAINFOREST_RESIN;9995;30;;;;;10005;30;;;;;10000.0;22.0
-1;4500;RAINFOREST_RESIN;9996;1;9995;28;;;10002;10;10004;1;10005;28;9999.0;22.0
-1;4500;KELP;2023;28;;;;;2026;29;;;;;2024.5;3.345703125
-1;4600;RAINFOREST_RESIN;9996;1;9995;29;;;10002;10;10004;1;10005;29;9999.0;22.0
-1;4600;KELP;2023;30;;;;;2026;30;;;;;2024.5;3.5703125
-1;4700;KELP;2023;25;;;;;2025;3;2026;32;;;2024.0;5.49609375
-1;4700;RAINFOREST_RESIN;9996;2;9995;30;;;10004;2;10005;30;;;10000.0;22.0
-1;4800;KELP;2023;24;;;;;2027;24;;;;;2025.0;7.650390625
-1;4800;RAINFOREST_RESIN;9998;6;9996;2;9995;22;10004;2;10005;22;;;10001.0;22.0
-1;4900;RAINFOREST_RESIN;9995;22;;;;;10002;7;10005;22;;;9998.5;22.0
-1;4900;KELP;2023;22;;;;;2027;22;;;;;2025.0;8.26953125
-1;5000;RAINFOREST_RESIN;9998;3;9996;2;9995;28;10004;2;10005;28;;;10001.0;22.0
-1;5000;KELP;2023;30;;;;;2026;30;;;;;2024.5;4.03515625
-1;5100;KELP;2023;37;;;;;2026;31;;;;;2024.5;4.251953125
-1;5100;RAINFOREST_RESIN;9996;1;9995;30;;;10004;1;10005;30;;;10000.0;22.0
-1;5200;KELP;2023;35;;;;;2026;27;;;;;2024.5;3.931640625
-1;5200;RAINFOREST_RESIN;9998;9;9996;1;9995;26;10004;1;10005;26;;;10001.0;22.0
-1;5300;RAINFOREST_RESIN;9996;1;9995;20;;;10004;1;10005;20;;;10000.0;22.0
-1;5300;KELP;2025;1;2023;21;;;2026;21;;;;;2025.5;4.349609375
-1;5400;RAINFOREST_RESIN;9995;21;;;;;10005;21;;;;;10000.0;22.0
-1;5400;KELP;2023;21;;;;;2025;6;2027;21;;;2024.0;7.830078125
-1;5500;KELP;2023;27;;;;;2027;27;;;;;2025.0;8.84765625
-1;5500;RAINFOREST_RESIN;9995;27;;;;;10005;27;;;;;10000.0;22.0
-1;5600;KELP;2025;2;2023;28;;;2027;28;;;;;2026.0;9.28125
-1;5600;RAINFOREST_RESIN;9995;28;;;;;10005;28;;;;;10000.0;22.0
-1;5700;RAINFOREST_RESIN;9998;2;9995;27;;;10005;27;;;;;10001.5;22.0
-1;5700;KELP;2024;26;;;;;2027;27;;;;;2025.5;9.6240234375
-1;5800;RAINFOREST_RESIN;9996;1;9995;30;;;10004;1;10005;30;;;10000.0;22.0
-1;5800;KELP;2024;31;;;;;2027;31;;;;;2025.5;11.96484375
-1;5900;KELP;2024;35;;;;;2027;30;;;;;2025.5;11.412109375
-1;5900;RAINFOREST_RESIN;9996;2;9995;28;;;10004;2;10005;28;;;10000.0;22.0
-1;6000;KELP;2024;30;;;;;2027;30;;;;;2025.5;11.072265625
-1;6000;RAINFOREST_RESIN;9995;30;;;;;10005;30;;;;;10000.0;22.0
-1;6100;RAINFOREST_RESIN;9996;1;9995;24;;;10004;1;10005;24;;;10000.0;22.0
-1;6100;KELP;2024;24;;;;;2027;25;;;;;2025.5;11.076171875
-1;6200;RAINFOREST_RESIN;9996;1;9995;21;;;10004;1;10005;21;;;10000.0;22.0
-1;6200;KELP;2024;22;;;;;2027;22;;;;;2025.5;11.4462890625
-1;6300;KELP;2024;30;;;;;2027;25;;;;;2025.5;13.01171875
-1;6300;RAINFOREST_RESIN;9996;2;9995;23;;;10004;2;10005;23;;;10000.0;22.0
-1;6400;KELP;2024;25;;;;;2027;25;;;;;2025.5;12.8583984375
-1;6400;RAINFOREST_RESIN;9996;1;9995;24;;;10004;1;10005;24;;;10000.0;22.0
-1;6500;RAINFOREST_RESIN;9996;1;9995;26;;;9998;1;10004;1;10005;26;9997.0;22.0
-1;6500;KELP;2024;27;;;;;2027;27;;;;;2025.5;11.3662109375
-1;6600;RAINFOREST_RESIN;9996;2;9995;24;;;10004;2;10005;24;;;10000.0;24.0
-1;6600;KELP;2024;26;;;;;2028;26;;;;;2026.0;14.873046875
-1;6700;KELP;2025;7;2024;20;;;2028;20;;;;;2026.5;15.92578125
-1;6700;RAINFOREST_RESIN;9995;20;;;;;10002;3;10005;20;;;9998.5;24.0
-1;6800;KELP;2024;32;;;;;2026;8;2027;2;2028;30;2025.0;13.5224609375
-1;6800;RAINFOREST_RESIN;9996;2;9995;30;;;10004;2;10005;30;;;10000.0;24.0
-1;6900;RAINFOREST_RESIN;9996;1;9995;26;;;10002;5;10004;1;10005;26;9999.0;24.0
-1;6900;KELP;2024;27;;;;;2026;1;2027;27;;;2025.0;12.3095703125
-1;7000;RAINFOREST_RESIN;9998;2;9995;27;;;10005;27;;;;;10001.5;24.0
-1;7000;KELP;2026;4;2024;27;;;2027;27;;;;;2026.5;12.6796875
-1;7100;KELP;2024;30;;;;;2027;30;;;;;2025.5;13.396484375
-1;7100;RAINFOREST_RESIN;9996;1;9995;29;;;10004;1;10005;29;;;10000.0;24.0
-1;7200;KELP;2024;28;;;;;2027;28;;;;;2025.5;13.06787109375
-1;7200;RAINFOREST_RESIN;9998;5;9996;1;9995;27;10004;1;10005;27;;;10001.0;24.0
-1;7300;RAINFOREST_RESIN;10002;1;9996;2;9995;29;10004;2;10005;29;;;10003.0;24.0
-1;7300;KELP;2024;35;;;;;2027;31;;;;;2025.5;13.04345703125
-1;7400;RAINFOREST_RESIN;9996;1;9995;22;;;10004;1;10005;22;;;10000.0;26.0
-1;7400;KELP;2024;22;;;;;2027;23;;;;;2025.5;13.1904296875
-1;7500;KELP;2024;25;;;;;2027;25;;;;;2025.5;13.4365234375
-1;7500;RAINFOREST_RESIN;9995;25;;;;;10002;10;10005;25;;;9998.5;26.0
-1;7600;KELP;2024;22;;;;;2027;22;;;;;2025.5;13.37841796875
-1;7600;RAINFOREST_RESIN;9996;2;9995;20;;;10004;2;10005;20;;;10000.0;26.0
-1;7700;RAINFOREST_RESIN;9995;22;;;;;10005;22;;;;;10000.0;26.0
-1;7700;KELP;2024;21;;;;;2027;22;;;;;2025.5;13.3173828125
-1;7800;RAINFOREST_RESIN;9998;3;9996;1;9995;22;10004;1;10005;22;;;10001.0;26.0
-1;7800;KELP;2024;23;;;;;2027;23;;;;;2025.5;13.263671875
-1;7900;KELP;2024;31;;;;;2027;27;;;;;2025.5;13.23046875
-1;7900;RAINFOREST_RESIN;9996;1;9995;26;;;10004;1;10005;26;;;10000.0;26.0
-1;8000;KELP;2024;27;;;;;2026;8;2027;27;;;2025.0;12.9130859375
-1;8000;RAINFOREST_RESIN;9995;27;;;;;10005;27;;;;;10000.0;26.0
-1;8100;RAINFOREST_RESIN;9996;1;9995;22;;;10004;1;10005;22;;;10000.0;26.0
-1;8100;KELP;2023;23;;;;;2027;23;;;;;2025.0;11.755859375
-1;8200;RAINFOREST_RESIN;9995;23;;;;;10005;23;;;;;10000.0;26.0
-1;8200;KELP;2023;23;;;;;2025;1;2026;23;;;2024.0;11.3046875
-1;8300;KELP;2023;30;;;;;2026;30;;;;;2024.5;9.6796875
-1;8300;RAINFOREST_RESIN;9996;1;9995;29;;;10004;1;10005;29;;;10000.0;26.0
-1;8400;RAINFOREST_RESIN;9995;28;;;;;10005;28;;;;;10000.0;26.0
-1;8400;KELP;2023;28;;;;;2026;28;;;;;2024.5;9.7509765625
-1;8500;KELP;2023;31;;;;;2026;31;;;;;2024.5;9.435546875
-1;8500;RAINFOREST_RESIN;9998;10;9996;2;9995;29;10004;2;10005;29;;;10001.0;26.0
-1;8600;RAINFOREST_RESIN;9996;1;9995;22;;;10004;1;10005;22;;;10000.0;26.0
-1;8600;KELP;2023;22;;;;;2026;23;;;;;2024.5;10.087890625
-1;8700;KELP;2023;27;;;;;2025;4;2026;27;;;2024.0;10.77490234375
-1;8700;RAINFOREST_RESIN;9998;10;9995;27;;;10005;27;;;;;10001.5;26.0
-1;8800;RAINFOREST_RESIN;9995;25;;;;;9998;1;10005;25;;;9996.5;26.0
-1;8800;KELP;2024;7;2023;25;;;2027;25;;;;;2025.5;11.9638671875
-1;8900;KELP;2024;1;2023;26;;;2027;26;;;;;2025.5;11.755859375
-1;8900;RAINFOREST_RESIN;9998;9;9995;26;;;10005;26;;;;;10001.5;28.0
-1;9000;RAINFOREST_RESIN;9996;2;9995;29;;;10004;2;10005;29;;;10000.0;28.0
-1;9000;KELP;2023;31;;;;;2027;31;;;;;2025.0;11.66943359375
-1;9100;KELP;2023;29;;;;;2026;2;2027;27;;;2024.5;11.337890625
-1;9100;RAINFOREST_RESIN;9998;3;9996;2;9995;27;10004;2;10005;27;;;10001.0;28.0
-1;9200;RAINFOREST_RESIN;9998;10;9995;27;;;10005;27;;;;;10001.5;28.0
-1;9200;KELP;2023;27;;;;;2025;7;2026;27;;;2024.0;11.12646484375
-1;9300;KELP;2023;21;;;;;2026;21;;;;;2024.5;10.39990234375
-1;9300;RAINFOREST_RESIN;9996;1;9995;20;;;10004;1;10005;20;;;10000.0;28.0
-1;9400;RAINFOREST_RESIN;9998;2;9996;2;9995;21;10004;2;10005;21;;;10001.0;28.0
-1;9400;KELP;2023;23;;;;;2026;23;;;;;2024.5;10.06005859375
-1;9500;KELP;2023;35;;;;;2026;31;;;;;2024.5;10.337890625
-1;9500;RAINFOREST_RESIN;9996;1;9995;30;;;10004;1;10005;30;;;10000.0;28.0
-1;9600;RAINFOREST_RESIN;9996;1;9995;30;;;10004;1;10005;30;;;10000.0;28.0
-1;9600;KELP;2023;31;;;;;2026;31;;;;;2024.5;9.7265625
-1;9700;KELP;2023;22;;;;;2026;22;;;;;2024.5;9.72216796875
-1;9700;RAINFOREST_RESIN;9995;22;;;;;10002;1;10005;22;;;9998.5;28.0
-1;9800;RAINFOREST_RESIN;9995;26;;;;;10005;26;;;;;10000.0;28.0
-1;9800;KELP;2023;26;;;;;2026;26;;;;;2024.5;9.91552734375
-1;9900;KELP;2025;4;2023;25;;;2026;25;;;;;2025.5;10.68701171875
-1;9900;RAINFOREST_RESIN;9995;25;;;;;10005;25;;;;;10000.0;28.0
-1;10000;RAINFOREST_RESIN;9995;28;;;;;10005;28;;;;;10000.0;28.0
-1;10000;KELP;2023;36;;;;;2026;28;;;;;2024.5;12.0
-1;10100;KELP;2023;25;;;;;2026;25;;;;;2024.5;12.0
-1;10100;RAINFOREST_RESIN;9996;1;9995;24;;;10002;3;10004;1;10005;24;9999.0;28.0
-1;10200;RAINFOREST_RESIN;9996;2;9995;26;;;10004;2;10005;26;;;10000.0;28.0
-1;10200;KELP;2022;28;;;;;2026;28;;;;;2024.0;12.0
-1;10300;KELP;2024;1;2022;35;;;2025;27;;;;;2024.5;12.0
-1;10300;RAINFOREST_RESIN;9998;4;9995;27;;;10005;27;;;;;10001.5;28.0
-1;10400;RAINFOREST_RESIN;10002;1;9996;1;9995;28;10004;1;10005;28;;;10003.0;28.0
-1;10400;KELP;2023;1;2022;29;;;2026;29;;;;;2024.5;12.0
-1;10500;KELP;2023;2;2022;29;;;2026;31;;;;;2024.5;12.0
-1;10500;RAINFOREST_RESIN;9998;4;9996;2;9995;29;10004;2;10005;29;;;10001.0;30.0
-1;10600;RAINFOREST_RESIN;9996;2;9995;29;;;10000;4;10004;2;10005;29;9998.0;30.0
-1;10600;KELP;2022;31;;;;;2023;4;2024;4;2025;31;2022.5;12.0
-1;10700;KELP;2022;29;;;;;2025;28;;;;;2023.5;13.84619140625
-1;10700;RAINFOREST_RESIN;9998;8;9995;28;;;10005;28;;;;;10001.5;30.0
-1;10800;RAINFOREST_RESIN;9998;5;9996;2;9995;22;10004;2;10005;22;;;10001.0;30.0
-1;10800;KELP;2022;27;;;;;2025;24;;;;;2023.5;14.1982421875
-1;10900;KELP;2022;35;;;;;2025;28;;;;;2023.5;14.09375
-1;10900;RAINFOREST_RESIN;9996;1;9995;27;;;10004;1;10005;27;;;10000.0;30.0
-1;11000;KELP;2024;7;2022;24;;;2025;24;;;;;2024.5;14.0830078125
-1;11000;RAINFOREST_RESIN;9995;24;;;;;10002;7;10005;24;;;9998.5;30.0
-1;11100;RAINFOREST_RESIN;9998;3;9995;21;;;10005;21;;;;;10001.5;30.0
-1;11100;KELP;2022;21;;;;;2025;21;;;;;2023.5;17.26171875
-1;11200;RAINFOREST_RESIN;9996;2;9995;21;;;10002;7;10004;2;10005;21;9999.0;30.0
-1;11200;KELP;2022;23;;;;;2025;23;;;;;2023.5;17.5029296875
-1;11300;KELP;2022;25;;;;;2025;22;;;;;2023.5;17.27685546875
-1;11300;RAINFOREST_RESIN;9996;1;9995;21;;;10004;1;10005;21;;;10000.0;30.0
-1;11400;KELP;2022;26;;;;;2025;26;;;;;2023.5;16.95166015625
-1;11400;RAINFOREST_RESIN;9996;1;9995;25;;;10004;1;10005;25;;;10000.0;30.0
-1;11500;RAINFOREST_RESIN;9996;1;9995;25;;;10002;7;10004;1;10005;25;9999.0;30.0
-1;11500;KELP;2022;26;;;;;2024;8;2025;26;;;2023.0;17.076171875
-1;11600;RAINFOREST_RESIN;9996;2;9995;27;;;10002;2;10004;2;10005;27;9999.0;30.0
-1;11600;KELP;2022;29;;;;;2026;29;;;;;2024.0;15.66748046875
-1;11700;KELP;2022;23;;;;;2023;2;2026;23;;;2022.5;16.224609375
-1;11700;RAINFOREST_RESIN;9996;2;9995;21;;;10004;2;10005;21;;;10000.0;30.0
-1;11800;KELP;2022;29;;;;;2024;4;2026;29;;;2023.0;17.8177490234375
-1;11800;RAINFOREST_RESIN;9998;10;9995;29;;;10000;5;10005;29;;;9999.0;30.0
-1;11900;RAINFOREST_RESIN;9996;2;9995;30;;;10004;2;10005;30;;;10000.0;30.0
-1;11900;KELP;2023;2;2022;30;;;2024;3;2026;32;;;2023.5;17.8582763671875
-1;12000;RAINFOREST_RESIN;10002;1;9995;20;;;10005;20;;;;;10003.5;30.0
-1;12000;KELP;2023;20;;;;;2026;20;;;;;2024.5;17.529052734375
-1;12100;KELP;2023;27;;;;;2025;1;2026;27;;;2024.0;17.541748046875
-1;12100;RAINFOREST_RESIN;9996;2;9995;25;;;10004;2;10005;25;;;10000.0;32.0
-1;12200;KELP;2023;34;;;;;2026;30;;;;;2024.5;17.554931640625
-1;12200;RAINFOREST_RESIN;9996;2;9995;28;;;10004;2;10005;28;;;10000.0;32.0
-1;12300;RAINFOREST_RESIN;9998;6;9996;1;9995;28;10004;1;10005;28;;;10001.0;32.0
-1;12300;KELP;2023;29;;;;;2026;29;;;;;2024.5;17.4931640625
-1;12400;RAINFOREST_RESIN;9995;26;;;;;10005;26;;;;;10000.0;32.0
-1;12400;KELP;2023;30;;;;;2026;26;;;;;2024.5;17.4439697265625
-1;12500;KELP;2023;19;;;;;2026;20;;;;;2024.5;17.5689697265625
-1;12500;RAINFOREST_RESIN;9995;20;;;;;10005;20;;;;;10000.0;32.0
-1;12600;KELP;2023;22;;;;;2026;22;;;;;2024.5;17.693359375
-1;12600;RAINFOREST_RESIN;9995;22;;;;;10005;22;;;;;10000.0;32.0
-1;12700;RAINFOREST_RESIN;9996;2;9995;20;;;10004;2;10005;20;;;10000.0;32.0
-1;12700;KELP;2023;22;;;;;2026;22;;;;;2024.5;17.600341796875
-1;12800;RAINFOREST_RESIN;9996;2;9995;20;;;10004;2;10005;20;;;10000.0;32.0
-1;12800;KELP;2023;22;;;;;2026;22;;;;;2024.5;17.5301513671875
-1;12900;KELP;2023;36;;;;;2026;29;;;;;2024.5;17.439697265625
-1;12900;RAINFOREST_RESIN;9996;1;9995;28;;;10002;3;10004;1;10005;28;9999.0;32.0
-1;13000;KELP;2025;1;2023;6;2022;20;2026;20;;;;;2025.5;17.855712890625
-1;13000;RAINFOREST_RESIN;10002;1;9995;20;;;10005;20;;;;;10003.5;32.0
-1;13100;RAINFOREST_RESIN;9996;1;9995;25;;;10004;1;10005;25;;;10000.0;34.0
-1;13100;KELP;2023;33;;;;;2026;26;;;;;2024.5;18.427490234375
-1;13200;RAINFOREST_RESIN;9998;2;9995;22;;;10005;22;;;;;10001.5;34.0
-1;13200;KELP;2022;22;;;;;2025;5;2026;22;;;2023.5;18.573486328125
-1;13300;KELP;2023;6;2022;24;;;2026;24;;;;;2024.5;18.63525390625
-1;13300;RAINFOREST_RESIN;9995;24;;;;;10005;24;;;;;10000.0;34.0
-1;13400;KELP;2023;32;;;;;2026;32;;;;;2024.5;18.559814453125
-1;13400;RAINFOREST_RESIN;9996;2;9995;30;;;10004;2;10005;30;;;10000.0;34.0
-1;13500;RAINFOREST_RESIN;9995;30;;;;;10005;30;;;;;10000.0;34.0
-1;13500;KELP;2022;30;;;;;2025;8;2026;30;;;2023.5;18.583984375
-1;13600;RAINFOREST_RESIN;9995;25;;;;;10002;10;10005;25;;;9998.5;34.0
-1;13600;KELP;2023;24;;;;;2025;3;2026;25;;;2024.0;18.277099609375
-1;13700;KELP;2023;25;;;;;2026;21;;;;;2024.5;18.2705078125
-1;13700;RAINFOREST_RESIN;9996;1;9995;20;;;9998;4;10004;1;10005;20;9997.0;34.0
-1;13800;KELP;2023;23;;;;;2026;22;;;;;2024.5;18.148681640625
-1;13800;RAINFOREST_RESIN;9996;2;9995;20;;;10004;2;10005;20;;;10000.0;42.0
-1;13900;RAINFOREST_RESIN;9996;2;9995;20;;;10000;6;10004;2;10005;20;9998.0;42.0
-1;13900;KELP;2023;22;;;;;2024;6;2025;4;2026;22;2023.5;18.415771484375
-1;14000;RAINFOREST_RESIN;9998;5;9996;2;9995;27;10004;2;10005;27;;;10001.0;42.0
-1;14000;KELP;2023;3;2022;29;;;2026;29;;;;;2024.5;19.43115234375
-1;14100;KELP;2023;25;;;;;2025;1;2026;25;;;2024.0;20.7490234375
-1;14100;RAINFOREST_RESIN;9996;2;9995;23;;;10004;2;10005;23;;;10000.0;42.0
-1;14200;KELP;2023;20;;;;;2026;21;;;;;2024.5;20.82568359375
-1;14200;RAINFOREST_RESIN;9995;21;;;;;10005;21;;;;;10000.0;42.0
-1;14300;RAINFOREST_RESIN;9996;2;9995;27;;;10004;2;10005;27;;;10000.0;42.0
-1;14300;KELP;2022;29;;;;;2026;29;;;;;2024.0;19.009765625
-1;14400;RAINFOREST_RESIN;9996;1;9995;29;;;10004;1;10005;29;;;10000.0;42.0
-1;14400;KELP;2023;30;;;;;2026;30;;;;;2024.5;19.9208984375
-1;14500;KELP;2023;24;;;;;2026;24;;;;;2024.5;20.0830078125
-1;14500;RAINFOREST_RESIN;9995;24;;;;;10002;1;10005;24;;;9998.5;42.0
-1;14600;KELP;2022;28;;;;;2024;2;2026;28;;;2023.0;19.2998046875
-1;14600;RAINFOREST_RESIN;9996;2;9995;26;;;10000;2;10004;2;10005;26;9998.0;42.0
-1;14700;RAINFOREST_RESIN;9995;30;;;;;10002;7;10005;30;;;9998.5;42.0
-1;14700;KELP;2022;30;;;;;2025;30;;;;;2023.5;17.14453125
-1;14800;RAINFOREST_RESIN;9995;28;;;;;10002;6;10005;28;;;9998.5;42.0
-1;14800;KELP;2022;28;;;;;2025;28;;;;;2023.5;17.0771484375
-1;14900;KELP;2023;4;2022;26;;;2025;26;;;;;2024.0;16.904296875
-1;14900;RAINFOREST_RESIN;10000;4;9995;26;;;10005;26;;;;;10002.5;42.0
-1;15000;KELP;2024;8;2022;25;;;2025;25;;;;;2024.5;16.4140625
-1;15000;RAINFOREST_RESIN;9998;1;9995;25;;;10005;25;;;;;10001.5;42.0
-1;15100;RAINFOREST_RESIN;9995;22;;;;;10005;22;;;;;10000.0;42.0
-1;15100;KELP;2022;27;;;;;2025;22;;;;;2023.5;20.230712890625
-1;15200;RAINFOREST_RESIN;9998;6;9995;27;;;10005;27;;;;;10001.5;42.0
-1;15200;KELP;2022;26;;;;;2025;27;;;;;2023.5;20.251708984375
-1;15300;KELP;2022;26;;;;;2024;4;2025;26;;;2023.0;20.322021484375
-1;15300;RAINFOREST_RESIN;9995;26;;;;;10002;1;10005;26;;;9998.5;42.0
-1;15400;KELP;2022;35;;;;;2025;30;;;;;2023.5;20.441650390625
-1;15400;RAINFOREST_RESIN;9996;2;9995;28;;;9998;1;10004;2;10005;28;9997.0;42.0
-1;15500;RAINFOREST_RESIN;10002;1;9996;2;9995;29;10004;2;10005;29;;;10003.0;44.0
-1;15500;KELP;2022;31;;;;;2024;8;2025;31;;;2023.0;20.196533203125
-1;15600;RAINFOREST_RESIN;9996;2;9995;24;;;10004;2;10005;24;;;10000.0;46.0
-1;15600;KELP;2022;31;;;;;2025;26;;;;;2023.5;19.993408203125
-1;15700;KELP;2022;25;;;;;2025;25;;;;;2023.5;19.67529296875
-1;15700;RAINFOREST_RESIN;10002;5;9996;1;9995;24;10004;1;10005;24;;;10003.0;46.0
-1;15800;KELP;2025;1;2022;22;;;2026;22;;;;;2025.5;18.981689453125
-1;15800;RAINFOREST_RESIN;9998;10;9996;2;9995;20;10004;2;10005;20;;;10001.0;56.0
-1;15900;RAINFOREST_RESIN;9996;2;9995;29;;;10000;6;10004;2;10005;29;9998.0;56.0
-1;15900;KELP;2023;31;;;;;2024;6;2025;2;2026;31;2023.5;19.046875
-1;16000;RAINFOREST_RESIN;9996;2;9995;27;;;10002;6;10004;2;10005;27;9999.0;56.0
-1;16000;KELP;2023;29;;;;;2025;2;2026;29;;;2024.0;19.1953125
-1;16100;KELP;2022;21;;;;;2023;2;2026;21;;;2022.5;20.515625
-1;16100;RAINFOREST_RESIN;9995;21;;;;;10000;2;10002;10;10005;21;9997.5;56.0
-1;16200;KELP;2022;24;;;;;2023;1;2026;24;;;2022.5;22.05615234375
-1;16200;RAINFOREST_RESIN;9995;24;;;;;9998;1;10005;24;;;9996.5;56.0
-1;16300;RAINFOREST_RESIN;9996;1;9995;22;;;10004;1;10005;22;;;10000.0;58.0
-1;16300;KELP;2023;2;2022;23;;;2026;23;;;;;2024.5;23.0
-1;16400;RAINFOREST_RESIN;9996;2;9995;30;;;10002;3;10004;2;10005;30;9999.0;58.0
-1;16400;KELP;2023;2;2022;30;;;2026;32;;;;;2024.5;23.0
-1;16500;KELP;2023;2;2022;21;;;2026;23;;;;;2024.5;23.0
-1;16500;RAINFOREST_RESIN;9996;2;9995;21;;;10002;7;10004;2;10005;21;9999.0;58.0
-1;16600;KELP;2022;30;;;;;2023;1;2026;30;;;2022.5;23.0
-1;16600;RAINFOREST_RESIN;9998;4;9996;2;9995;28;10004;2;10005;28;;;10001.0;58.0
-1;16700;RAINFOREST_RESIN;10002;1;9995;26;;;10005;26;;;;;10003.5;58.0
-1;16700;KELP;2025;1;2022;26;;;2026;26;;;;;2025.5;24.1204833984375
-1;16800;RAINFOREST_RESIN;9995;26;;;;;10005;26;;;;;10000.0;60.0
-1;16800;KELP;2022;26;;;;;2026;26;;;;;2024.0;25.0
-1;16900;KELP;2023;1;2022;25;;;2026;26;;;;;2024.5;25.0
-1;16900;RAINFOREST_RESIN;9996;1;9995;25;;;10004;1;10005;25;;;10000.0;60.0
-1;17000;KELP;2023;29;;;;;2026;29;;;;;2024.5;25.0
-1;17000;RAINFOREST_RESIN;9998;9;9995;29;;;10005;29;;;;;10001.5;60.0
-1;17100;KELP;2023;23;;;;;2026;23;;;;;2024.5;25.0
-1;17100;RAINFOREST_RESIN;9996;2;9995;21;;;10004;2;10005;21;;;10000.0;60.0
-1;17200;RAINFOREST_RESIN;9998;3;9996;2;9995;22;10004;2;10005;22;;;10001.0;60.0
-1;17200;KELP;2023;24;;;;;2026;24;;;;;2024.5;25.0
-1;17300;KELP;2023;25;;;;;2025;6;2026;25;;;2024.0;25.0
-1;17300;RAINFOREST_RESIN;9996;2;9995;23;;;10002;9;10004;2;10005;23;9999.0;60.0
-1;17400;RAINFOREST_RESIN;10000;6;9998;7;9995;28;10005;28;;;;;10002.5;60.0
-1;17400;KELP;2024;6;2023;28;;;2026;28;;;;;2025.0;25.0
-1;17500;KELP;2023;26;;;;;2027;26;;;;;2025.0;25.0
-1;17500;RAINFOREST_RESIN;9995;26;;;;;10005;26;;;;;10000.0;60.0
-1;17600;RAINFOREST_RESIN;9998;6;9995;30;;;10005;30;;;;;10001.5;60.0
-1;17600;KELP;2023;30;;;;;2026;30;;;;;2024.5;25.0
-1;17700;KELP;2025;1;2023;29;;;2026;29;;;;;2025.5;25.0
-1;17700;RAINFOREST_RESIN;9996;2;9995;27;;;10004;2;10005;27;;;10000.0;60.0
-1;17800;RAINFOREST_RESIN;9996;2;9995;24;;;10002;5;10004;2;10005;24;9999.0;60.0
-1;17800;KELP;2023;26;;;;;2026;2;2027;24;;;2024.5;25.212646484375
-1;17900;KELP;2023;23;;;;;2027;23;;;;;2025.0;25.1715087890625
-1;17900;RAINFOREST_RESIN;9995;23;;;;;10005;23;;;;;10000.0;60.0
-1;18000;RAINFOREST_RESIN;9996;2;9995;25;;;10004;2;10005;25;;;10000.0;60.0
-1;18000;KELP;2023;27;;;;;2026;27;;;;;2024.5;25.2530517578125
-1;18100;KELP;2023;20;;;;;2027;20;;;;;2025.0;24.9747314453125
-1;18100;RAINFOREST_RESIN;9995;20;;;;;10005;20;;;;;10000.0;60.0
-1;18200;RAINFOREST_RESIN;9996;1;9995;25;;;10004;1;10005;25;;;10000.0;60.0
-1;18200;KELP;2024;21;;;;;2027;26;;;;;2025.5;24.674560546875
-1;18300;KELP;2023;25;;;;;2027;25;;;;;2025.0;24.888916015625
-1;18300;RAINFOREST_RESIN;9996;2;9995;23;;;10004;2;10005;23;;;10000.0;60.0
-1;18400;RAINFOREST_RESIN;9996;2;9995;23;;;10004;2;10005;23;;;10000.0;60.0
-1;18400;KELP;2024;25;;;;;2026;5;2027;25;;;2025.0;24.4967041015625
-1;18500;KELP;2024;29;;;;;2025;1;2027;29;;;2024.5;24.433837890625
-1;18500;RAINFOREST_RESIN;9995;29;;;;;10000;2;10005;29;;;9997.5;60.0
-1;18600;RAINFOREST_RESIN;10002;1;9995;20;;;10005;20;;;;;10003.5;60.0
-1;18600;KELP;2024;20;;;;;2026;5;2027;20;;;2025.0;25.0
-1;18700;KELP;2024;22;;;;;2027;22;;;;;2025.5;25.0
-1;18700;RAINFOREST_RESIN;9995;22;;;;;10005;22;;;;;10000.0;62.0
-1;18800;RAINFOREST_RESIN;9996;2;9995;26;;;10004;2;10005;26;;;10000.0;62.0
-1;18800;KELP;2024;28;;;;;2027;28;;;;;2025.5;25.0
-1;18900;KELP;2024;22;;;;;2027;22;;;;;2025.5;25.0
-1;18900;RAINFOREST_RESIN;9998;2;9995;22;;;10005;22;;;;;10001.5;62.0
-1;19000;RAINFOREST_RESIN;9996;2;9995;26;;;10004;2;10005;26;;;10000.0;62.0
-1;19000;KELP;2024;18;;;;;2027;28;;;;;2025.5;25.0
-1;19100;KELP;2024;28;;;;;2027;28;;;;;2025.5;25.0
-1;19100;RAINFOREST_RESIN;9996;2;9995;26;;;10004;2;10005;26;;;10000.0;62.0
-1;19200;RAINFOREST_RESIN;9996;1;9995;20;;;9998;1;10004;1;10005;20;9997.0;62.0
-1;19200;KELP;2024;21;;;;;2027;21;;;;;2025.5;25.0
-1;19300;KELP;2024;23;;;;;2027;23;;;;;2025.5;25.0
-1;19300;RAINFOREST_RESIN;9996;2;9995;21;;;10004;2;10005;21;;;10000.0;64.0
-1;19400;RAINFOREST_RESIN;9995;26;;;;;10005;26;;;;;10000.0;64.0
-1;19400;KELP;2023;26;;;;;2027;26;;;;;2025.0;25.0
-1;19500;KELP;2024;23;;;;;2027;23;;;;;2025.5;25.0
-1;19500;RAINFOREST_RESIN;9995;23;;;;;10005;23;;;;;10000.0;64.0
-1;19600;RAINFOREST_RESIN;9996;2;9995;27;;;10004;2;10005;27;;;10000.0;64.0
-1;19600;KELP;2024;2;2023;27;;;2027;29;;;;;2025.5;25.0
-1;19700;KELP;2024;31;;;;;2026;7;2027;32;;;2025.0;25.0
-1;19700;RAINFOREST_RESIN;10002;1;9996;2;9995;30;10004;2;10005;30;;;10003.0;64.0
-1;19800;RAINFOREST_RESIN;9996;2;9995;29;;;10004;2;10005;29;;;10000.0;66.0
-1;19800;KELP;2024;31;;;;;2027;31;;;;;2025.5;25.0
-1;19900;KELP;2024;32;;;;;2027;32;;;;;2025.5;25.0
-1;19900;RAINFOREST_RESIN;9996;2;9995;30;;;10004;2;10005;30;;;10000.0;66.0
-1;20000;KELP;2024;2;2023;27;;;2027;27;;;;;2025.5;25.0
-1;20000;RAINFOREST_RESIN;9995;27;;;;;10002;4;10005;27;;;9998.5;66.0
-1;20100;RAINFOREST_RESIN;10002;1;9996;1;9995;30;10004;1;10005;30;;;10003.0;66.0
-1;20100;KELP;2023;31;;;;;2025;4;2027;31;;;2024.0;25.0
-1;20200;RAINFOREST_RESIN;9995;29;;;;;9998;1;10005;29;;;9996.5;68.0
-1;20200;KELP;2023;29;;;;;2027;29;;;;;2025.0;24.56103515625
-1;20300;KELP;2024;26;;;;;2027;27;;;;;2025.5;27.40283203125
-1;20300;RAINFOREST_RESIN;9995;27;;;;;10005;27;;;;;10000.0;70.0
-1;20400;KELP;2024;30;;;;;2025;4;2027;29;;;2024.5;26.2763671875
-1;20400;RAINFOREST_RESIN;9996;1;9995;28;;;10000;4;10004;1;10005;28;9998.0;70.0
-1;20500;RAINFOREST_RESIN;10000;3;9996;2;9995;30;10004;2;10005;30;;;10002.0;70.0
-1;20500;KELP;2025;4;2024;7;2023;30;2027;32;;;;;2026.0;26.134765625
-1;20600;RAINFOREST_RESIN;9996;2;9995;26;;;10004;2;10005;26;;;10000.0;70.0
-1;20600;KELP;2023;28;;;;;2027;28;;;;;2025.0;25.9052734375
-1;20700;KELP;2025;6;2023;22;;;2027;22;;;;;2026.0;26.2001953125
-1;20700;RAINFOREST_RESIN;10002;1;10000;6;9998;4;10005;22;;;;;10003.5;70.0
-1;20800;KELP;2024;2;2023;22;;;2027;24;;;;;2025.5;26.296875
-1;20800;RAINFOREST_RESIN;9996;2;9995;22;;;10004;2;10005;22;;;10000.0;72.0
-1;20900;RAINFOREST_RESIN;9995;23;;;;;10005;23;;;;;10000.0;72.0
-1;20900;KELP;2026;1;2023;23;;;2027;23;;;;;2026.5;26.65625
-1;21000;RAINFOREST_RESIN;9996;2;9995;26;;;10004;2;10005;26;;;10000.0;72.0
-1;21000;KELP;2024;28;;;;;2027;28;;;;;2025.5;27.78515625
-1;21100;KELP;2024;2;2023;22;;;2027;24;;;;;2025.5;27.1591796875
-1;21100;RAINFOREST_RESIN;9996;2;9995;22;;;10004;2;10005;22;;;10000.0;72.0
-1;21200;KELP;2024;22;;;;;2027;22;;;;;2025.5;28.1640625
-1;21200;RAINFOREST_RESIN;9995;22;;;;;9998;1;10005;22;;;9996.5;72.0
-1;21300;RAINFOREST_RESIN;9996;1;9995;29;;;10002;7;10004;1;10005;29;9999.0;74.0
-1;21300;KELP;2024;1;2023;29;;;2027;30;;;;;2025.5;27.3515625
-1;21400;RAINFOREST_RESIN;9995;28;;;;;10005;28;;;;;10000.0;74.0
-1;21400;KELP;2024;28;;;;;2027;28;;;;;2025.5;28.0791015625
-1;21500;KELP;2026;4;2024;21;;;2027;21;;;;;2026.5;30.873046875
-1;21500;RAINFOREST_RESIN;9996;1;9995;20;;;10004;1;10005;20;;;10000.0;74.0
-1;21600;KELP;2024;27;;;;;2027;2;2028;25;;;2025.5;32.46240234375
-1;21600;RAINFOREST_RESIN;10002;12;9996;2;9995;25;10004;2;10005;25;;;10003.0;74.0
-1;21700;RAINFOREST_RESIN;9998;8;9996;2;9995;29;10004;2;10005;29;;;10001.0;98.0
-1;21700;KELP;2024;31;;;;;2027;31;;;;;2025.5;32.193359375
-1;21800;RAINFOREST_RESIN;9996;2;9995;22;;;10004;2;10005;22;;;10000.0;98.0
-1;21800;KELP;2024;24;;;;;2028;24;;;;;2026.0;32.71923828125
-1;21900;KELP;2024;22;;;;;2028;22;;;;;2026.0;32.8447265625
-1;21900;RAINFOREST_RESIN;10002;3;9996;1;9995;21;10004;1;10005;21;;;10003.0;98.0
-1;22000;KELP;2024;21;;;;;2028;21;;;;;2026.0;32.4482421875
-1;22000;RAINFOREST_RESIN;9995;21;;;;;10005;21;;;;;10000.0;104.0
-1;22100;RAINFOREST_RESIN;9996;2;9995;22;;;10002;7;10004;2;10005;22;9999.0;104.0
-1;22100;KELP;2024;23;;;;;2027;24;;;;;2025.5;31.49267578125
-1;22200;RAINFOREST_RESIN;9998;6;9996;1;9995;20;10004;1;10005;20;;;10001.0;104.0
-1;22200;KELP;2024;21;;;;;2027;21;;;;;2025.5;30.9033203125
-1;22300;KELP;2023;29;;;;;2026;1;2027;28;;;2024.5;29.3857421875
-1;22300;RAINFOREST_RESIN;9996;1;9995;28;;;10004;1;10005;28;;;10000.0;104.0
-1;22400;KELP;2023;29;;;;;2026;29;;;;;2024.5;29.255859375
-1;22400;RAINFOREST_RESIN;9996;2;9995;27;;;9998;1;10004;2;10005;27;9997.0;104.0
-1;22500;RAINFOREST_RESIN;9996;2;9995;29;;;10004;2;10005;29;;;10000.0;106.0
-1;22500;KELP;2023;31;;;;;2026;31;;;;;2024.5;28.58056640625
-1;22600;RAINFOREST_RESIN;10000;6;9998;6;9996;2;10004;2;10005;20;;;10002.0;106.0
-1;22600;KELP;2024;6;2023;26;;;2026;22;;;;;2025.0;28.3623046875
-1;22700;KELP;2023;25;;;;;2026;26;;;;;2024.5;28.25732421875
-1;22700;RAINFOREST_RESIN;9996;2;9995;24;;;10004;2;10005;24;;;10000.0;106.0
-1;22800;KELP;2023;27;;;;;2026;28;;;;;2024.5;27.67138671875
-1;22800;RAINFOREST_RESIN;9996;1;9995;27;;;9998;2;10004;1;10005;27;9997.0;106.0
-1;22900;RAINFOREST_RESIN;9996;2;9995;30;;;10002;8;10004;2;10005;30;9999.0;110.0
-1;22900;KELP;2023;2;2022;30;;;2026;32;;;;;2024.5;27.51708984375
-1;23000;RAINFOREST_RESIN;9996;1;9995;21;;;10004;1;10005;21;;;10000.0;110.0
-1;23000;KELP;2022;22;;;;;2026;22;;;;;2024.0;27.1103515625
-1;23100;KELP;2023;23;;;;;2026;23;;;;;2024.5;27.908203125
-1;23100;RAINFOREST_RESIN;9998;8;9995;23;;;10005;23;;;;;10001.5;110.0
-1;23200;KELP;2023;2;2022;29;;;2024;3;2026;31;;;2023.5;27.56494140625
-1;23200;RAINFOREST_RESIN;9998;5;9996;2;9995;29;10004;2;10005;29;;;10001.0;110.0
-1;23300;RAINFOREST_RESIN;9996;1;9995;29;;;10004;1;10005;29;;;10000.0;110.0
-1;23300;KELP;2023;30;;;;;2026;30;;;;;2024.5;29.1630859375
-1;23400;RAINFOREST_RESIN;9996;1;9995;29;;;10004;1;10005;29;;;10000.0;110.0
-1;23400;KELP;2023;30;;;;;2026;30;;;;;2024.5;29.228515625
-1;23500;KELP;2023;29;;;;;2025;4;2026;30;;;2024.0;29.17578125
-1;23500;RAINFOREST_RESIN;9998;8;9996;2;9995;28;10004;2;10005;28;;;10001.0;110.0
-1;23600;KELP;2022;27;;;;;2026;27;;;;;2024.0;28.142578125
-1;23600;RAINFOREST_RESIN;9995;27;;;;;10005;27;;;;;10000.0;110.0
-1;23700;RAINFOREST_RESIN;10002;1;9996;2;9995;21;10004;2;10005;21;;;10003.0;110.0
-1;23700;KELP;2023;2;2022;21;;;2025;7;2026;23;;;2024.0;28.2138671875
-1;23800;RAINFOREST_RESIN;9995;30;;;;;10005;30;;;;;10000.0;112.0
-1;23800;KELP;2024;1;2022;30;;;2026;30;;;;;2025.0;26.2685546875
-1;23900;KELP;2025;1;2023;1;2022;30;2026;30;;;;;2025.5;27.6357421875
-1;23900;RAINFOREST_RESIN;9995;30;;;;;10005;30;;;;;10000.0;112.0
-1;24000;KELP;2022;29;;;;;2026;29;;;;;2024.0;28.5
-1;24000;RAINFOREST_RESIN;9998;9;9995;29;;;10005;29;;;;;10001.5;112.0
-1;24100;RAINFOREST_RESIN;9996;1;9995;25;;;10004;1;10005;25;;;10000.0;112.0
-1;24100;KELP;2023;1;2022;25;;;2025;3;2026;26;;;2024.0;29.046875
-1;24200;RAINFOREST_RESIN;9996;2;9995;28;;;10002;6;10004;2;10005;28;9999.0;112.0
-1;24200;KELP;2023;30;;;;;2026;30;;;;;2024.5;29.7958984375
-1;24300;KELP;2023;26;;;;;2026;26;;;;;2024.5;29.9140625
-1;24300;RAINFOREST_RESIN;9996;2;9995;24;;;10002;1;10004;2;10005;24;9999.0;112.0
-1;24400;KELP;2025;1;2023;22;;;2026;22;;;;;2025.5;29.291015625
-1;24400;RAINFOREST_RESIN;10002;1;9998;4;9996;1;10004;1;10005;21;;;10003.0;112.0
-1;24500;RAINFOREST_RESIN;10002;1;9996;1;9995;25;10004;1;10005;25;;;10003.0;114.0
-1;24500;KELP;2022;26;;;;;2026;26;;;;;2024.0;29.083984375
-1;24600;RAINFOREST_RESIN;9995;24;;;;;9998;2;10005;24;;;9996.5;116.0
-1;24600;KELP;2022;24;;;;;2024;2;2026;24;;;2023.0;29.72802734375
-1;24700;KELP;2023;25;;;;;2026;25;;;;;2024.5;30.900390625
-1;24700;RAINFOREST_RESIN;9995;25;;;;;10005;25;;;;;10000.0;120.0
-1;24800;KELP;2022;23;;;;;2026;23;;;;;2024.0;29.3076171875
-1;24800;RAINFOREST_RESIN;9995;23;;;;;10005;23;;;;;10000.0;120.0
-1;24900;RAINFOREST_RESIN;10002;1;9996;1;9995;22;10004;1;10005;22;;;10003.0;120.0
-1;24900;KELP;2024;4;2022;23;;;2026;23;;;;;2025.0;29.662109375
-1;25000;RAINFOREST_RESIN;9995;23;;;;;10005;23;;;;;10000.0;122.0
-1;25000;KELP;2023;23;;;;;2026;23;;;;;2024.5;30.755859375
-1;25100;KELP;2022;25;;;;;2024;4;2026;25;;;2023.0;29.8984375
-1;25100;RAINFOREST_RESIN;10002;1;9995;25;;;10005;25;;;;;10003.5;122.0
-1;25200;KELP;2023;1;2022;24;;;2025;3;2026;25;;;2024.0;30.904296875
-1;25200;RAINFOREST_RESIN;9996;1;9995;24;;;9998;5;10004;1;10005;24;9997.0;124.0
-1;25300;RAINFOREST_RESIN;9996;2;9995;22;;;10004;2;10005;22;;;10000.0;134.0
-1;25300;KELP;2023;4;2022;22;;;2026;24;;;;;2024.5;30.892578125
-1;25400;RAINFOREST_RESIN;9996;1;9995;29;;;10004;1;10005;29;;;10000.0;134.0
-1;25400;KELP;2025;8;2023;30;;;2026;30;;;;;2025.5;31.53125
-1;25500;KELP;2022;21;;;;;2025;21;;;;;2023.5;36.374755859375
-1;25500;RAINFOREST_RESIN;9996;1;9995;20;;;9998;6;10002;9;10004;1;9997.0;134.0
-1;25600;KELP;2023;31;;;;;2026;23;;;;;2024.5;37.54052734375
-1;25600;RAINFOREST_RESIN;9996;1;9995;22;;;10002;7;10004;1;10005;22;9999.0;146.0
-1;25700;RAINFOREST_RESIN;9996;2;9995;30;;;10004;2;10005;30;;;10000.0;146.0
-1;25700;KELP;2023;32;;;;;2025;6;2026;32;;;2024.0;37.818115234375
-1;25800;RAINFOREST_RESIN;10002;4;9995;24;;;10005;24;;;;;10003.5;146.0
-1;25800;KELP;2023;23;;;;;2026;24;;;;;2024.5;38.156982421875
-1;25900;KELP;2023;25;;;;;2026;25;;;;;2024.5;37.70458984375
-1;25900;RAINFOREST_RESIN;9996;2;9995;23;;;10004;2;10005;23;;;10000.0;154.0
-1;26000;RAINFOREST_RESIN;9996;2;9995;27;;;10004;2;10005;27;;;10000.0;154.0
-1;26000;KELP;2023;22;;;;;2026;29;;;;;2024.5;37.439697265625
-1;26100;KELP;2023;20;;;;;2026;20;;;;;2024.5;37.74560546875
-1;26100;RAINFOREST_RESIN;9998;7;9995;20;;;10005;20;;;;;10001.5;154.0
-1;26200;RAINFOREST_RESIN;9996;1;9995;22;;;10004;1;10005;22;;;10000.0;154.0
-1;26200;KELP;2023;23;;;;;2026;23;;;;;2024.5;37.828369140625
-1;26300;KELP;2023;30;;;;;2026;30;;;;;2024.5;37.746826171875
-1;26300;RAINFOREST_RESIN;9996;1;9995;29;;;9998;1;10004;1;10005;29;9997.0;154.0
-1;26400;RAINFOREST_RESIN;9995;22;;;;;10005;22;;;;;10000.0;156.0
-1;26400;KELP;2023;27;;;;;2026;22;;;;;2024.5;37.58984375
-1;26500;KELP;2023;24;;;;;2026;24;;;;;2024.5;37.553466796875
-1;26500;RAINFOREST_RESIN;9996;1;9995;23;;;10004;1;10005;23;;;10000.0;156.0
-1;26600;RAINFOREST_RESIN;9996;2;9995;28;;;9998;1;10004;2;10005;28;9997.0;156.0
-1;26600;KELP;2023;36;;;;;2026;30;;;;;2024.5;37.7197265625
-1;26700;KELP;2023;24;;;;;2025;6;2026;24;;;2024.0;37.697998046875
-1;26700;RAINFOREST_RESIN;9998;2;9996;1;9995;23;10004;1;10005;23;;;10001.0;158.0
-1;26800;RAINFOREST_RESIN;9996;2;9995;28;;;10004;2;10005;28;;;10000.0;158.0
-1;26800;KELP;2025;1;2023;30;;;2026;30;;;;;2025.5;37.63623046875
-1;26900;KELP;2023;29;;;;;2026;30;;;;;2024.5;38.2991943359375
-1;26900;RAINFOREST_RESIN;10002;1;9995;30;;;10005;30;;;;;10003.5;158.0
-1;27000;RAINFOREST_RESIN;9995;28;;;;;10002;1;10005;28;;;9998.5;160.0
-1;27000;KELP;2023;30;;;;;2026;28;;;;;2024.5;38.310302734375
-1;27100;KELP;2023;27;;;;;2026;24;;;;;2024.5;38.399658203125
-1;27100;RAINFOREST_RESIN;9995;24;;;;;10005;24;;;;;10000.0;160.0
-1;27200;RAINFOREST_RESIN;9998;2;9995;21;;;10005;21;;;;;10001.5;160.0
-1;27200;KELP;2023;21;;;;;2025;2;2026;21;;;2024.0;38.358642578125
-1;27300;KELP;2025;1;2023;31;;;2026;31;;;;;2025.5;38.388427734375
-1;27300;RAINFOREST_RESIN;9996;2;9995;29;;;10004;2;10005;29;;;10000.0;160.0
-1;27400;RAINFOREST_RESIN;9995;21;;;;;10005;21;;;;;10000.0;160.0
-1;27400;KELP;2023;21;;;;;2026;21;;;;;2024.5;39.0
-1;27500;KELP;2023;23;;;;;2025;6;2026;23;;;2024.0;39.0
-1;27500;RAINFOREST_RESIN;9996;1;9995;22;;;10004;1;10005;22;;;10000.0;160.0
-1;27600;RAINFOREST_RESIN;9998;5;9995;24;;;10005;24;;;;;10001.5;160.0
-1;27600;KELP;2023;30;;;;;2026;24;;;;;2024.5;39.0
-1;27700;KELP;2023;19;;;;;2026;24;;;;;2024.5;39.0
-1;27700;RAINFOREST_RESIN;9995;24;;;;;10005;24;;;;;10000.0;160.0
-1;27800;RAINFOREST_RESIN;9998;9;9996;2;9995;26;10004;2;10005;26;;;10001.0;160.0
-1;27800;KELP;2023;28;;;;;2025;3;2026;28;;;2024.0;39.0
-1;27900;KELP;2025;1;2023;29;;;2026;29;;;;;2025.5;39.0
-1;27900;RAINFOREST_RESIN;9996;2;9995;27;;;10002;4;10004;2;10005;27;9999.0;160.0
-1;28000;RAINFOREST_RESIN;9998;2;9995;28;;;10005;28;;;;;10001.5;160.0
-1;28000;KELP;2023;28;;;;;2026;28;;;;;2024.5;39.257080078125
-1;28100;KELP;2023;26;;;;;2026;26;;;;;2024.5;39.3409423828125
-1;28100;RAINFOREST_RESIN;9996;2;9995;24;;;10004;2;10005;24;;;10000.0;160.0
-1;28200;RAINFOREST_RESIN;9996;1;9995;25;;;9998;2;10004;1;10005;25;9997.0;160.0
-1;28200;KELP;2023;26;;;;;2025;5;2026;1;2027;25;2024.0;39.127197265625
-1;28300;KELP;2023;24;;;;;2024;2;2027;24;;;2023.5;39.0665283203125
-1;28300;RAINFOREST_RESIN;9996;1;9995;23;;;10004;1;10005;23;;;10000.0;164.0
-1;28400;RAINFOREST_RESIN;9996;2;9995;23;;;10004;2;10005;23;;;10000.0;164.0
-1;28400;KELP;2023;24;;;;;2027;25;;;;;2025.0;40.8917236328125
-1;28500;KELP;2023;23;;;;;2027;23;;;;;2025.0;41.00244140625
-1;28500;RAINFOREST_RESIN;9998;10;9995;23;;;10005;23;;;;;10001.5;164.0
-1;28600;RAINFOREST_RESIN;10002;1;9996;2;9995;21;10004;2;10005;21;;;10003.0;164.0
-1;28600;KELP;2023;23;;;;;2025;8;2027;23;;;2024.0;41.0113525390625
-1;28700;RAINFOREST_RESIN;9995;30;;;;;10005;30;;;;;10000.0;166.0
-1;28700;KELP;2023;30;;;;;2027;30;;;;;2025.0;41.0748291015625
-1;28800;RAINFOREST_RESIN;9995;27;;;;;10005;27;;;;;10000.0;166.0
-1;28800;KELP;2024;27;;;;;2027;27;;;;;2025.5;41.254638671875
-1;28900;KELP;2024;26;;;;;2027;22;;;;;2025.5;41.6019287109375
-1;28900;RAINFOREST_RESIN;9998;7;9996;1;9995;21;10004;1;10005;21;;;10001.0;166.0
-1;29000;KELP;2024;23;;;;;2027;24;;;;;2025.5;41.3642578125
-1;29000;RAINFOREST_RESIN;9995;24;;;;;10005;24;;;;;10000.0;166.0
-1;29100;RAINFOREST_RESIN;9996;2;9995;26;;;10004;2;10005;26;;;10000.0;166.0
-1;29100;KELP;2024;31;;;;;2027;28;;;;;2025.5;41.470458984375
-1;29200;RAINFOREST_RESIN;9996;1;9995;30;;;10004;1;10005;30;;;10000.0;166.0
-1;29200;KELP;2026;1;2024;31;;;2027;31;;;;;2026.5;41.3978271484375
-1;29300;KELP;2024;32;;;;;2026;2;2027;32;;;2025.0;42.0
-1;29300;RAINFOREST_RESIN;9996;2;9995;30;;;10002;3;10004;2;10005;30;9999.0;166.0
-1;29400;KELP;2024;25;;;;;2027;26;;;;;2025.5;42.0
-1;29400;RAINFOREST_RESIN;10002;1;9996;1;9995;25;10004;1;10005;25;;;10003.0;166.0
-1;29500;RAINFOREST_RESIN;9996;2;9995;27;;;10004;2;10005;27;;;10000.0;168.0
-1;29500;KELP;2024;31;;;;;2027;29;;;;;2025.5;42.0
-1;29600;RAINFOREST_RESIN;9996;2;9995;28;;;10004;2;10005;28;;;10000.0;168.0
-1;29600;KELP;2024;2;2023;28;;;2025;3;2027;30;;;2024.5;42.0
-1;29700;KELP;2024;28;;;;;2027;26;;;;;2025.5;44.1591796875
-1;29700;RAINFOREST_RESIN;9996;1;9995;25;;;10002;4;10004;1;10005;25;9999.0;168.0
-1;29800;KELP;2024;31;;;;;2026;1;2027;1;2028;30;2025.0;44.41455078125
-1;29800;RAINFOREST_RESIN;9998;6;9996;1;9995;30;10004;1;10005;30;;;10001.0;168.0
-1;29900;RAINFOREST_RESIN;9995;21;;;;;10005;21;;;;;10000.0;168.0
-1;29900;KELP;2025;8;2024;21;;;2028;21;;;;;2026.5;44.59765625
-1;30000;RAINFOREST_RESIN;9998;3;9996;1;9995;30;10004;1;10005;30;;;10001.0;168.0
-1;30000;KELP;2024;31;;;;;2028;31;;;;;2026.0;44.88671875
-1;30100;KELP;2024;30;;;;;2027;30;;;;;2025.5;44.0927734375
-1;30100;RAINFOREST_RESIN;9996;2;9995;28;;;10004;2;10005;28;;;10000.0;168.0
-1;30200;KELP;2024;22;;;;;2027;22;;;;;2025.5;44.3232421875
-1;30200;RAINFOREST_RESIN;9996;2;9995;20;;;10004;2;10005;20;;;10000.0;168.0
-1;30300;RAINFOREST_RESIN;9996;2;9995;29;;;10002;9;10004;2;10005;29;9999.0;168.0
-1;30300;KELP;2026;1;2024;31;;;2027;31;;;;;2026.5;43.92578125
-1;30400;RAINFOREST_RESIN;10000;5;9996;2;9995;29;10002;8;10004;2;10005;29;10001.0;168.0
-1;30400;KELP;2025;5;2024;31;;;2027;31;;;;;2026.0;43.98291015625
-1;30500;KELP;2024;22;;;;;2027;22;;;;;2025.5;43.4755859375
-1;30500;RAINFOREST_RESIN;9998;5;9996;2;9995;20;10004;2;10005;20;;;10001.0;168.0
-1;30600;KELP;2024;1;2023;20;;;2027;22;;;;;2025.5;43.35107421875
-1;30600;RAINFOREST_RESIN;9996;2;9995;20;;;10002;4;10004;2;10005;20;9999.0;168.0
-1;30700;RAINFOREST_RESIN;9995;30;;;;;10005;30;;;;;10000.0;168.0
-1;30700;KELP;2024;30;;;;;2027;30;;;;;2025.5;43.476318359375
-1;30800;RAINFOREST_RESIN;9996;1;9995;30;;;10004;1;10005;30;;;10000.0;168.0
-1;30800;KELP;2024;4;2023;30;;;2027;31;;;;;2025.5;43.395263671875
-1;30900;KELP;2023;30;;;;;2025;7;2026;30;;;2024.0;42.243896484375
-1;30900;RAINFOREST_RESIN;9996;2;9995;28;;;10002;6;10004;2;10005;28;9999.0;168.0
-1;31000;KELP;2024;4;2023;30;;;2026;23;;;;;2025.0;40.25390625
-1;31000;RAINFOREST_RESIN;10000;4;9996;1;9995;22;10004;1;10005;22;;;10002.0;168.0
-1;31100;RAINFOREST_RESIN;9996;2;9995;27;;;10004;2;10005;27;;;10000.0;168.0
-1;31100;KELP;2023;29;;;;;2026;2;2027;27;;;2024.5;41.17578125
-1;31200;RAINFOREST_RESIN;9996;2;9995;29;;;10002;6;10004;2;10005;29;9999.0;168.0
-1;31200;KELP;2023;31;;;;;2026;31;;;;;2024.5;40.884765625
-1;31300;KELP;2023;24;;;;;2026;24;;;;;2024.5;40.6328125
-1;31300;RAINFOREST_RESIN;9996;1;9995;23;;;10004;1;10005;23;;;10000.0;168.0
-1;31400;KELP;2023;26;;;;;2026;26;;;;;2024.5;38.806640625
-1;31400;RAINFOREST_RESIN;9995;26;;;;;9998;1;10005;26;;;9996.5;168.0
-1;31500;RAINFOREST_RESIN;9995;30;;;;;10005;30;;;;;10000.0;170.0
-1;31500;KELP;2023;35;;;;;2026;30;;;;;2024.5;39.3515625
-1;31600;RAINFOREST_RESIN;9995;27;;;;;10005;27;;;;;10000.0;170.0
-1;31600;KELP;2025;1;2023;27;;;2026;27;;;;;2025.5;40.1953125
-1;31700;KELP;2023;24;;;;;2025;3;2026;24;;;2024.0;40.6806640625
-1;31700;RAINFOREST_RESIN;9996;2;9995;22;;;10004;2;10005;22;;;10000.0;170.0
-1;31800;KELP;2024;6;2023;26;;;2026;1;2027;25;;;2025.0;41.9873046875
-1;31800;RAINFOREST_RESIN;10000;6;9996;1;9995;25;10004;1;10005;25;;;10002.0;170.0
-1;31900;RAINFOREST_RESIN;9998;3;9995;28;;;10005;28;;;;;10001.5;170.0
-1;31900;KELP;2024;4;2023;28;;;2027;28;;;;;2025.5;42.09375
-1;32000;RAINFOREST_RESIN;9996;1;9995;24;;;10004;1;10005;24;;;10000.0;170.0
-1;32000;KELP;2024;2;2023;25;;;2026;1;2027;24;;;2025.0;41.6259765625
-1;32100;KELP;2023;29;;;;;2026;29;;;;;2024.5;39.04296875
-1;32100;RAINFOREST_RESIN;9996;1;9995;28;;;10004;1;10005;28;;;10000.0;170.0
-1;32200;KELP;2023;28;;;;;2027;28;;;;;2025.0;42.5712890625
-1;32200;RAINFOREST_RESIN;9996;1;9995;27;;;10004;1;10005;27;;;10000.0;170.0
-1;32300;RAINFOREST_RESIN;9995;25;;;;;10005;25;;;;;10000.0;170.0
-1;32300;KELP;2023;25;;;;;2026;25;;;;;2024.5;40.279296875
-1;32400;RAINFOREST_RESIN;9996;1;9995;30;;;10004;1;10005;30;;;10000.0;170.0
-1;32400;KELP;2023;30;;;;;2026;1;2027;30;;;2024.5;41.4921875
-1;32500;KELP;2023;21;;;;;2025;5;2027;22;;;2024.0;42.533203125
-1;32500;RAINFOREST_RESIN;9998;1;9996;1;9995;21;10004;1;10005;21;;;10001.0;170.0
-1;32600;KELP;2023;30;;;;;2027;30;;;;;2025.0;43.03125
-1;32600;RAINFOREST_RESIN;10002;1;9995;30;;;10005;30;;;;;10003.5;170.0
-1;32700;RAINFOREST_RESIN;9996;2;9995;22;;;10004;2;10005;22;;;10000.0;172.0
-1;32700;KELP;2023;24;;;;;2026;2;2027;22;;;2024.5;42.060546875
-1;32800;RAINFOREST_RESIN;9996;2;9995;28;;;10004;2;10005;28;;;10000.0;172.0
-1;32800;KELP;2023;30;;;;;2026;2;2027;28;;;2024.5;41.880859375
-1;32900;KELP;2023;29;;;;;2026;2;2027;27;;;2024.5;41.31640625
-1;32900;RAINFOREST_RESIN;9996;2;9995;27;;;10004;2;10005;27;;;10000.0;172.0
-1;33000;KELP;2025;1;2023;30;;;2026;30;;;;;2025.5;40.43359375
-1;33000;RAINFOREST_RESIN;9996;2;9995;28;;;10004;2;10005;28;;;10000.0;172.0
-1;33100;RAINFOREST_RESIN;9996;1;9995;28;;;10004;1;10005;28;;;10000.0;172.0
-1;33100;KELP;2023;28;;;;;2025;3;2026;29;;;2024.0;40.8359375
-1;33200;RAINFOREST_RESIN;9996;1;9995;20;;;10002;7;10004;1;10005;20;9999.0;172.0
-1;33200;KELP;2023;20;;;;;2024;10;2026;1;2027;20;2023.5;42.1015625
-1;33300;KELP;2024;1;2023;20;;;2027;21;;;;;2025.5;56.2578125
-1;33300;RAINFOREST_RESIN;9996;1;9995;20;;;10004;1;10005;20;;;10000.0;172.0
-1;33400;KELP;2023;32;;;;;2027;32;;;;;2025.0;54.1328125
-1;33400;RAINFOREST_RESIN;9996;2;9995;30;;;10002;3;10004;2;10005;30;9999.0;172.0
-1;33500;RAINFOREST_RESIN;9996;1;9995;20;;;10004;1;10005;20;;;10000.0;172.0
-1;33500;KELP;2023;21;;;;;2026;21;;;;;2024.5;46.44921875
-1;33600;RAINFOREST_RESIN;10002;6;9995;27;;;10005;27;;;;;10003.5;172.0
-1;33600;KELP;2023;27;;;;;2026;27;;;;;2024.5;45.3203125
-1;33700;KELP;2023;32;;;;;2026;28;;;;;2024.5;43.5859375
-1;33700;RAINFOREST_RESIN;9996;1;9995;27;;;10002;1;10004;1;10005;27;9999.0;184.0
-1;33800;KELP;2024;3;2023;31;;;2026;26;;;;;2025.0;40.953125
-1;33800;RAINFOREST_RESIN;9996;1;9995;25;;;10004;1;10005;25;;;10000.0;184.0
-1;33900;RAINFOREST_RESIN;9995;24;;;;;10005;24;;;;;10000.0;184.0
-1;33900;KELP;2023;24;;;;;2026;24;;;;;2024.5;43.5859375
-1;34000;RAINFOREST_RESIN;10002;1;9995;30;;;10005;30;;;;;10003.5;184.0
-1;34000;KELP;2023;29;;;;;2025;8;2026;30;;;2024.0;44.41796875
-1;34100;KELP;2023;25;;;;;2026;23;;;;;2024.5;42.0703125
-1;34100;RAINFOREST_RESIN;9996;1;9995;22;;;10004;1;10005;22;;;10000.0;186.0
-1;34200;KELP;2022;23;;;;;2024;1;2026;23;;;2023.0;36.19140625
-1;34200;RAINFOREST_RESIN;9995;23;;;;;10005;23;;;;;10000.0;186.0
-1;34300;RAINFOREST_RESIN;10002;1;9996;1;9995;22;10004;1;10005;22;;;10003.0;186.0
-1;34300;KELP;2022;23;;;;;2026;23;;;;;2024.0;34.18359375
-1;34400;RAINFOREST_RESIN;9996;2;9995;23;;;10004;2;10005;23;;;10000.0;188.0
-1;34400;KELP;2023;3;2022;25;;;2025;2;2026;23;;;2024.0;33.78515625
-1;34500;KELP;2022;30;;;;;2023;5;2024;1;2026;30;2022.5;33.9296875
-1;34500;RAINFOREST_RESIN;9995;30;;;;;10005;30;;;;;10000.0;188.0
-1;34600;KELP;2022;29;;;;;2023;1;2026;29;;;2022.5;42.8046875
-1;34600;RAINFOREST_RESIN;9995;29;;;;;10005;29;;;;;10000.0;188.0
-1;34700;RAINFOREST_RESIN;9998;6;9995;24;;;10005;24;;;;;10001.5;188.0
-1;34700;KELP;2023;24;;;;;2026;24;;;;;2024.5;47.3515625
-1;34800;RAINFOREST_RESIN;9996;2;9995;23;;;10004;2;10005;23;;;10000.0;188.0
-1;34800;KELP;2023;2;2022;23;;;2026;25;;;;;2024.5;44.984375
-1;34900;KELP;2023;21;;;;;2026;21;;;;;2024.5;47.9140625
-1;34900;RAINFOREST_RESIN;9996;1;9995;20;;;10004;1;10005;20;;;10000.0;188.0
-1;35000;RAINFOREST_RESIN;10002;1;9995;20;;;10005;20;;;;;10003.5;188.0
-1;35000;KELP;2025;1;2023;20;;;2026;20;;;;;2025.5;60.8359375
-1;35100;KELP;2023;31;;;;;2026;31;;;;;2024.5;54.265625
-1;35100;RAINFOREST_RESIN;10002;3;9996;2;9995;29;10004;2;10005;29;;;10003.0;190.0
-1;35200;RAINFOREST_RESIN;9996;2;9995;28;;;10002;10;10004;2;10005;28;9999.0;196.0
-1;35200;KELP;2023;33;;;;;2026;30;;;;;2024.5;58.171875
-1;35300;KELP;2023;20;;;;;2026;28;;;;;2024.5;50.4765625
-1;35300;RAINFOREST_RESIN;9998;6;9996;1;9995;27;10004;1;10005;27;;;10001.0;196.0
-1;35400;RAINFOREST_RESIN;10002;3;9995;25;;;10005;25;;;;;10003.5;196.0
-1;35400;KELP;2025;1;2023;27;;;2026;25;;;;;2025.5;49.5234375
-1;35500;KELP;2023;28;;;;;2026;28;;;;;2024.5;51.12109375
-1;35500;RAINFOREST_RESIN;9996;2;9995;26;;;10004;2;10005;26;;;10000.0;202.0
-1;35600;RAINFOREST_RESIN;9995;26;;;;;10005;26;;;;;10000.0;202.0
-1;35600;KELP;2023;26;;;;;2026;26;;;;;2024.5;49.53125
-1;35700;KELP;2023;29;;;;;2026;29;;;;;2024.5;51.77734375
-1;35700;RAINFOREST_RESIN;9996;2;9995;27;;;10004;2;10005;27;;;10000.0;202.0
-1;35800;RAINFOREST_RESIN;9998;7;9996;1;9995;30;10004;1;10005;30;;;10001.0;202.0
-1;35800;KELP;2023;29;;;;;2026;31;;;;;2024.5;51.31640625
-1;35900;KELP;2023;2;2022;21;;;2026;23;;;;;2024.5;47.01953125
-1;35900;RAINFOREST_RESIN;9996;2;9995;21;;;10004;2;10005;21;;;10000.0;202.0
-1;36000;RAINFOREST_RESIN;9995;30;;;;;10002;5;10005;30;;;9998.5;202.0
-1;36000;KELP;2022;30;;;;;2024;3;2026;30;;;2023.0;47.1171875
-1;36100;KELP;2022;26;;;;;2025;2;2026;24;;;2023.5;40.5859375
-1;36100;RAINFOREST_RESIN;10002;8;9996;2;9995;24;10004;2;10005;24;;;10003.0;202.0
-1;36200;RAINFOREST_RESIN;9996;1;9995;29;;;9998;1;10004;1;10005;29;9997.0;218.0
-1;36200;KELP;2022;30;;;;;2025;1;2026;29;;;2023.5;40.8046875
-1;36300;KELP;2022;22;;;;;2024;6;2025;22;;;2023.0;38.44140625
-1;36300;RAINFOREST_RESIN;9996;1;9995;21;;;10004;1;10005;21;;;10000.0;220.0
-1;36400;RAINFOREST_RESIN;9998;1;9996;1;9995;20;10004;1;10005;20;;;10001.0;220.0
-1;36400;KELP;2024;1;2023;3;2022;21;2025;1;2026;20;;;2024.5;39.453125
-1;36500;KELP;2022;25;;;;;2023;2;2025;25;;;2022.5;35.484375
-1;36500;RAINFOREST_RESIN;9995;25;;;;;10005;25;;;;;10000.0;220.0
-1;36600;RAINFOREST_RESIN;9996;1;9995;28;;;10004;1;10005;28;;;10000.0;220.0
-1;36600;KELP;2022;29;;;;;2025;29;;;;;2023.5;39.609375
-1;36700;KELP;2021;21;;;;;2025;21;;;;;2023.0;16.66015625
-1;36700;RAINFOREST_RESIN;9995;21;;;;;10005;21;;;;;10000.0;220.0
-1;36800;RAINFOREST_RESIN;9995;30;;;;;10005;30;;;;;10000.0;220.0
-1;36800;KELP;2021;30;;;;;2025;30;;;;;2023.0;18.640625
-1;36900;KELP;2021;27;;;;;2024;27;;;;;2022.5;2.26953125
-1;36900;RAINFOREST_RESIN;9996;1;9995;26;;;10004;1;10005;26;;;10000.0;220.0
-1;37000;RAINFOREST_RESIN;9996;2;9995;23;;;10004;2;10005;23;;;10000.0;220.0
-1;37000;KELP;2020;25;;;;;2024;25;;;;;2022.0;-7.62109375
-1;37100;KELP;2021;27;;;;;2024;23;;;;;2022.5;8.93359375
-1;37100;RAINFOREST_RESIN;9996;2;9995;21;;;10004;2;10005;21;;;10000.0;220.0
-1;37200;RAINFOREST_RESIN;9996;1;9995;20;;;10004;1;10005;20;;;10000.0;220.0
-1;37200;KELP;2021;25;;;;;2024;21;;;;;2022.5;7.3359375
-1;37300;KELP;2022;4;2021;28;;;2024;1;2025;27;;;2023.0;15.1015625
-1;37300;RAINFOREST_RESIN;9996;1;9995;27;;;9998;10;10002;4;10004;1;9997.0;220.0
-1;37400;RAINFOREST_RESIN;10002;1;9998;2;9995;30;10005;30;;;;;10003.5;240.0
-1;37400;KELP;2021;30;;;;;2024;30;;;;;2022.5;12.5234375
-1;37500;KELP;2020;27;;;;;2024;27;;;;;2022.0;-5.98828125
-1;37500;RAINFOREST_RESIN;9996;2;9995;25;;;10004;2;10005;25;;;10000.0;242.0
-1;37600;KELP;2020;22;;;;;2024;22;;;;;2022.0;-9.703125
-1;37600;RAINFOREST_RESIN;9995;22;;;;;10002;7;10005;22;;;9998.5;242.0
-1;37700;RAINFOREST_RESIN;9996;1;9995;23;;;10004;1;10005;23;;;10000.0;242.0
-1;37700;KELP;2020;24;;;;;2024;24;;;;;2022.0;-8.63671875
-1;37800;RAINFOREST_RESIN;9995;25;;;;;10005;25;;;;;10000.0;242.0
-1;37800;KELP;2020;24;;;;;2024;25;;;;;2022.0;-11.19921875
-1;37900;KELP;2019;25;;;;;2023;25;;;;;2021.0;-32.1171875
-1;37900;RAINFOREST_RESIN;9995;25;;;;;10005;25;;;;;10000.0;242.0
-1;38000;KELP;2019;32;;;;;2021;4;2023;32;;;2020.0;-32.34765625
-1;38000;RAINFOREST_RESIN;10002;1;9996;2;9995;30;10004;2;10005;30;;;10003.0;242.0
-1;38100;RAINFOREST_RESIN;9996;2;9995;26;;;10002;2;10004;2;10005;26;9999.0;244.0
-1;38100;KELP;2019;28;;;;;2022;2;2023;26;;;2020.5;-36.75
-1;38200;RAINFOREST_RESIN;9996;1;9995;27;;;10004;1;10005;27;;;10000.0;244.0
-1;38200;KELP;2019;28;;;;;2023;28;;;;;2021.0;-29.0390625
-1;38300;KELP;2019;26;;;;;2022;26;;;;;2020.5;-39.828125
-1;38300;RAINFOREST_RESIN;9998;5;9995;26;;;10005;26;;;;;10001.5;244.0
-1;38400;KELP;2019;24;;;;;2020;6;2022;24;;;2019.5;-41.1171875
-1;38400;RAINFOREST_RESIN;9996;1;9995;23;;;10000;6;10004;1;10005;23;9998.0;244.0
-1;38500;RAINFOREST_RESIN;10002;1;9995;21;;;10005;21;;;;;10003.5;244.0
-1;38500;KELP;2019;21;;;;;2022;21;;;;;2020.5;-41.9140625
-1;38600;RAINFOREST_RESIN;9996;2;9995;28;;;10004;2;10005;28;;;10000.0;246.0
-1;38600;KELP;2019;30;;;;;2022;30;;;;;2020.5;-40.0078125
-1;38700;KELP;2019;20;;;;;2022;20;;;;;2020.5;-38.4375
-1;38700;RAINFOREST_RESIN;9995;20;;;;;10005;20;;;;;10000.0;246.0
-1;38800;KELP;2019;21;;;;;2020;2;2021;1;2022;21;2019.5;-38.3515625
-1;38800;RAINFOREST_RESIN;9996;1;9995;20;;;10002;1;10004;1;10005;20;9999.0;246.0
-1;38900;RAINFOREST_RESIN;9996;2;9995;30;;;10004;2;10005;30;;;10000.0;246.0
-1;38900;KELP;2019;32;;;;;2021;7;2022;2;2023;30;2020.0;-31.6640625
-1;39000;RAINFOREST_RESIN;9995;23;;;;;10002;9;10005;23;;;9998.5;246.0
-1;39000;KELP;2019;23;;;;;2023;23;;;;;2021.0;-24.15625
-1;39100;KELP;2020;25;;;;;2023;25;;;;;2021.5;-6.7734375
-1;39100;RAINFOREST_RESIN;9998;8;9996;1;9995;24;10004;1;10005;24;;;10001.0;246.0
-1;39200;KELP;2020;30;;;;;2022;2;2023;30;;;2021.0;-2.78125
-1;39200;RAINFOREST_RESIN;9996;1;9995;29;;;10004;1;10005;29;;;10000.0;246.0
-1;39300;RAINFOREST_RESIN;9995;27;;;;;10005;27;;;;;10000.0;246.0
-1;39300;KELP;2020;27;;;;;2023;27;;;;;2021.5;2.9140625
-1;39400;RAINFOREST_RESIN;9996;1;9995;30;;;10004;1;10005;30;;;10000.0;246.0
-1;39400;KELP;2020;31;;;;;2022;5;2023;31;;;2021.0;-10.28125
-1;39500;KELP;2019;27;;;;;2021;3;2022;27;;;2020.0;-40.7890625
-1;39500;RAINFOREST_RESIN;9995;27;;;;;9998;1;10002;2;10005;27;9996.5;246.0
-1;39600;KELP;2021;4;2019;23;;;2023;23;;;;;2022.0;-28.46875
-1;39600;RAINFOREST_RESIN;9995;23;;;;;10005;23;;;;;10000.0;248.0
-1;39700;RAINFOREST_RESIN;9996;2;9995;22;;;10004;2;10005;22;;;10000.0;248.0
-1;39700;KELP;2019;28;;;;;2022;2;2023;22;;;2020.5;-32.03125
-1;39800;RAINFOREST_RESIN;9996;1;9995;27;;;10004;1;10005;27;;;10000.0;248.0
-1;39800;KELP;2019;28;;;;;2022;1;2023;27;;;2020.5;-32.2890625
-1;39900;KELP;2019;31;;;;;2022;31;;;;;2020.5;-43.4765625
-1;39900;RAINFOREST_RESIN;9996;1;9995;30;;;10002;4;10004;1;10005;30;9999.0;248.0
-1;40000;KELP;2018;22;;;;;2022;22;;;;;2020.0;-57.3203125
-1;40000;RAINFOREST_RESIN;9995;22;;;;;10005;22;;;;;10000.0;248.0
-1;40100;RAINFOREST_RESIN;9996;2;9995;29;;;10002;8;10004;2;10005;29;9999.0;248.0
-1;40100;KELP;2019;31;;;;;2022;31;;;;;2020.5;-44.078125
-1;40200;RAINFOREST_RESIN;9996;1;9995;28;;;10004;1;10005;28;;;10000.0;248.0
-1;40200;KELP;2019;1;2018;28;;;2022;29;;;;;2020.5;-58.03125
-1;40300;KELP;2019;22;;;;;2022;22;;;;;2020.5;-52.3515625
-1;40300;RAINFOREST_RESIN;9995;22;;;;;9998;1;10005;22;;;9996.5;248.0
-1;40400;KELP;2018;24;;;;;2022;24;;;;;2020.0;-62.515625
-1;40400;RAINFOREST_RESIN;9996;1;9995;23;;;10004;1;10005;23;;;10000.0;250.0
-1;40500;RAINFOREST_RESIN;10002;1;9996;2;9995;27;10004;2;10005;27;;;10003.0;250.0
-1;40500;KELP;2019;1;2018;27;;;2022;29;;;;;2020.5;-59.546875
-1;40600;RAINFOREST_RESIN;9996;2;9995;24;;;10004;2;10005;24;;;10000.0;252.0
-1;40600;KELP;2019;4;2018;26;;;2022;26;;;;;2020.5;-65.1015625
-1;40700;KELP;2018;22;;;;;2021;22;;;;;2019.5;-88.1953125
-1;40700;RAINFOREST_RESIN;9998;7;9996;2;9995;20;10004;2;10005;20;;;10001.0;252.0
-1;40800;KELP;2018;27;;;;;2021;27;;;;;2019.5;-78.6640625
-1;40800;RAINFOREST_RESIN;9995;27;;;;;10005;27;;;;;10000.0;252.0
-1;40900;RAINFOREST_RESIN;9998;10;9996;2;9995;26;10004;2;10005;26;;;10001.0;252.0
-1;40900;KELP;2017;28;;;;;2021;28;;;;;2019.0;-102.921875
-1;41000;RAINFOREST_RESIN;9995;21;;;;;10002;10;10005;21;;;9998.5;252.0
-1;41000;KELP;2018;20;;;;;2020;3;2021;21;;;2019.0;-81.546875
-1;41100;KELP;2018;24;;;;;2021;27;;;;;2019.5;-83.5078125
-1;41100;RAINFOREST_RESIN;9995;27;;;;;10005;27;;;;;10000.0;252.0
-1;41200;KELP;2018;29;;;;;2021;29;;;;;2019.5;-84.1015625
-1;41200;RAINFOREST_RESIN;9995;29;;;;;10005;29;;;;;10000.0;252.0
-1;41300;RAINFOREST_RESIN;9998;2;9996;1;9995;24;10004;1;10005;24;;;10001.0;252.0
-1;41300;KELP;2017;25;;;;;2019;4;2021;25;;;2018.0;-105.78125
-1;41400;RAINFOREST_RESIN;9998;5;9996;2;9995;23;10000;4;10004;2;10005;23;9999.0;252.0
-1;41400;KELP;2017;25;;;;;2018;4;2019;5;2020;25;2017.5;-137.171875
-1;41500;KELP;2017;22;;;;;2019;1;2021;22;;;2018.0;-105.640625
-1;41500;RAINFOREST_RESIN;9998;8;9996;2;9995;20;10004;2;10005;20;;;10001.0;252.0
-1;41600;KELP;2017;23;;;;;2019;7;2020;1;2021;22;2018.0;-109.25
-1;41600;RAINFOREST_RESIN;9996;1;9995;22;;;10004;1;10005;22;;;10000.0;252.0
-1;41700;RAINFOREST_RESIN;10000;5;9995;21;;;10005;21;;;;;10002.5;252.0
-1;41700;KELP;2019;4;2017;21;;;2021;21;;;;;2020.0;-99.9609375
-1;41800;RAINFOREST_RESIN;9996;2;9995;22;;;10004;2;10005;22;;;10000.0;252.0
-1;41800;KELP;2018;24;;;;;2021;24;;;;;2019.5;-80.90625
-1;41900;KELP;2018;22;;;;;2020;1;2021;22;;;2019.0;-78.59375
-1;41900;RAINFOREST_RESIN;9996;1;9995;21;;;9998;4;10004;1;10005;21;9997.0;252.0
-1;42000;KELP;2018;31;;;;;2020;5;2021;32;;;2019.0;-70.15625
-1;42000;RAINFOREST_RESIN;9996;2;9995;30;;;10004;2;10005;30;;;10000.0;260.0
-1;42100;RAINFOREST_RESIN;9998;8;9996;2;9995;21;10004;2;10005;21;;;10001.0;260.0
-1;42100;KELP;2018;23;;;;;2021;2;2022;21;;;2019.5;-64.234375
-1;42200;RAINFOREST_RESIN;10002;1;9995;28;;;10005;28;;;;;10003.5;260.0
-1;42200;KELP;2018;28;;;;;2022;28;;;;;2020.0;-62.1328125
-1;42300;KELP;2018;20;;;;;2019;7;2020;2;2022;20;2018.5;-59.828125
-1;42300;RAINFOREST_RESIN;9995;20;;;;;10005;20;;;;;10000.0;262.0
-1;42400;KELP;2019;30;;;;;2022;31;;;;;2020.5;-38.484375
-1;42400;RAINFOREST_RESIN;9996;2;9995;29;;;10004;2;10005;29;;;10000.0;262.0
-1;42500;RAINFOREST_RESIN;9995;24;;;;;10002;3;10005;24;;;9998.5;262.0
-1;42500;KELP;2019;24;;;;;2022;24;;;;;2020.5;-39.8671875
-1;42600;RAINFOREST_RESIN;9995;26;;;;;10005;26;;;;;10000.0;262.0
-1;42600;KELP;2019;26;;;;;2022;26;;;;;2020.5;-34.921875
-1;42700;KELP;2018;26;;;;;2022;26;;;;;2020.0;-51.203125
-1;42700;RAINFOREST_RESIN;9995;26;;;;;10005;26;;;;;10000.0;262.0
-1;42800;KELP;2019;30;;;;;2022;30;;;;;2020.5;-39.0234375
-1;42800;RAINFOREST_RESIN;9995;30;;;;;10005;30;;;;;10000.0;262.0
-1;42900;RAINFOREST_RESIN;9995;25;;;;;10005;25;;;;;10000.0;262.0
-1;42900;KELP;2019;25;;;;;2022;25;;;;;2020.5;-27.5
-1;43000;RAINFOREST_RESIN;9995;23;;;;;10005;23;;;;;10000.0;262.0
-1;43000;KELP;2020;2;2019;23;;;2023;23;;;;;2021.5;-3.15625
-1;43100;KELP;2020;21;;;;;2023;21;;;;;2021.5;14.734375
-1;43100;RAINFOREST_RESIN;9995;21;;;;;10005;21;;;;;10000.0;262.0
-1;43200;KELP;2019;21;;;;;2023;21;;;;;2021.0;2.25
-1;43200;RAINFOREST_RESIN;9996;1;9995;20;;;10004;1;10005;20;;;10000.0;262.0
-1;43300;RAINFOREST_RESIN;9996;1;9995;24;;;10004;1;10005;24;;;10000.0;262.0
-1;43300;KELP;2019;25;;;;;2021;2;2023;25;;;2020.0;1.96875
-1;43400;RAINFOREST_RESIN;9996;2;9995;22;;;10004;2;10005;22;;;10000.0;262.0
-1;43400;KELP;2021;4;2020;24;;;2023;24;;;;;2022.0;9.09375
-1;43500;KELP;2020;22;;;;;2022;7;2023;23;;;2021.0;12.65625
-1;43500;RAINFOREST_RESIN;9998;7;9995;23;;;10005;23;;;;;10001.5;262.0
-1;43600;KELP;2020;5;2019;21;;;2023;23;;;;;2021.5;6.34375
-1;43600;RAINFOREST_RESIN;9996;2;9995;21;;;10002;9;10004;2;10005;21;9999.0;262.0
-1;43700;KELP;2020;24;;;;;2023;24;;;;;2021.5;10.9765625
-1;43700;RAINFOREST_RESIN;9996;1;9995;23;;;10004;1;10005;23;;;10000.0;262.0
-1;43800;RAINFOREST_RESIN;9996;2;9995;26;;;10004;2;10005;26;;;10000.0;262.0
-1;43800;KELP;2020;35;;;;;2023;28;;;;;2021.5;18.5546875
-1;43900;KELP;2020;36;;;;;2023;30;;;;;2021.5;9.3984375
-1;43900;RAINFOREST_RESIN;10002;4;9998;2;9996;1;10004;1;10005;29;;;10003.0;262.0
-1;44000;RAINFOREST_RESIN;9996;2;9995;20;;;10004;2;10005;20;;;10000.0;270.0
-1;44000;KELP;2020;22;;;;;2022;3;2023;22;;;2021.0;19.25
-1;44100;KELP;2019;24;;;;;2023;24;;;;;2021.0;-5.3046875
-1;44100;RAINFOREST_RESIN;9995;24;;;;;9998;1;10002;2;10005;24;9996.5;270.0
-1;44200;RAINFOREST_RESIN;9995;21;;;;;10005;21;;;;;10000.0;272.0
-1;44200;KELP;2019;21;;;;;2023;21;;;;;2021.0;-7.703125
-1;44300;KELP;2019;27;;;;;2023;27;;;;;2021.0;-4.2578125
-1;44300;RAINFOREST_RESIN;9995;27;;;;;10005;27;;;;;10000.0;272.0
-1;44400;RAINFOREST_RESIN;9998;7;9995;28;;;10005;28;;;;;10001.5;272.0
-1;44400;KELP;2018;28;;;;;2022;28;;;;;2020.0;-45.234375
-1;44500;KELP;2021;1;2019;2;2018;21;2022;21;;;;;2021.5;-43.109375
-1;44500;RAINFOREST_RESIN;9995;21;;;;;10005;21;;;;;10000.0;272.0
-1;44600;RAINFOREST_RESIN;9996;1;9995;23;;;10004;1;10005;23;;;10000.0;272.0
-1;44600;KELP;2019;24;;;;;2022;24;;;;;2020.5;-33.4453125
-1;44700;KELP;2019;29;;;;;2022;29;;;;;2020.5;-35.7265625
-1;44700;RAINFOREST_RESIN;9995;29;;;;;10002;10;10005;29;;;9998.5;272.0
-1;44800;RAINFOREST_RESIN;9995;29;;;;;9998;1;10002;10;10005;29;9996.5;272.0
-1;44800;KELP;2018;29;;;;;2022;29;;;;;2020.0;-45.5703125
-1;44900;KELP;2019;1;2018;26;;;2022;26;;;;;2020.5;-49.171875
-1;44900;RAINFOREST_RESIN;9996;1;9995;25;;;10004;1;10005;25;;;10000.0;274.0
-1;45000;RAINFOREST_RESIN;10002;1;9996;2;9995;24;10004;2;10005;24;;;10003.0;274.0
-1;45000;KELP;2018;26;;;;;2022;26;;;;;2020.0;-48.203125
-1;45100;KELP;2019;27;;;;;2021;5;2022;27;;;2020.0;-37.5625
-1;45100;RAINFOREST_RESIN;9996;1;9995;26;;;10004;1;10005;26;;;10000.0;276.0
-1;45200;RAINFOREST_RESIN;9996;1;9995;28;;;10004;1;10005;28;;;10000.0;276.0
-1;45200;KELP;2019;29;;;;;2021;6;2022;29;;;2020.0;-39.765625
-1;45300;KELP;2018;26;;;;;2021;22;;;;;2019.5;-64.359375
-1;45300;RAINFOREST_RESIN;9995;22;;;;;10005;22;;;;;10000.0;276.0
-1;45400;RAINFOREST_RESIN;9996;2;9995;21;;;9998;1;10004;2;10005;21;9997.0;276.0
-1;45400;KELP;2018;22;;;;;2020;2;2021;23;;;2019.0;-79.109375
-1;45500;KELP;2018;25;;;;;2019;3;2021;25;;;2018.5;-75.3515625
-1;45500;RAINFOREST_RESIN;9996;1;9995;24;;;10000;3;10004;1;10005;24;9998.0;278.0
-1;45600;RAINFOREST_RESIN;9995;26;;;;;10002;5;10005;26;;;9998.5;278.0
-1;45600;KELP;2018;33;;;;;2021;26;;;;;2019.5;-70.4375
-1;45700;KELP;2018;24;;;;;2021;24;;;;;2019.5;-69.765625
-1;45700;RAINFOREST_RESIN;9995;24;;;;;10005;24;;;;;10000.0;278.0
-1;45800;RAINFOREST_RESIN;9996;1;9995;27;;;10004;1;10005;27;;;10000.0;278.0
-1;45800;KELP;2018;27;;;;;2021;28;;;;;2019.5;-66.5546875
-1;45900;KELP;2019;4;2018;31;;;2022;31;;;;;2020.5;-52.8203125
-1;45900;RAINFOREST_RESIN;9996;1;9995;30;;;10004;1;10005;30;;;10000.0;278.0
-1;46000;RAINFOREST_RESIN;9996;2;9995;24;;;10004;2;10005;24;;;10000.0;278.0
-1;46000;KELP;2019;2;2018;24;;;2022;26;;;;;2020.5;-40.9453125
-1;46100;KELP;2019;25;;;;;2022;25;;;;;2020.5;-36.78125
-1;46100;RAINFOREST_RESIN;9998;6;9996;2;9995;23;10004;2;10005;23;;;10001.0;278.0
-1;46200;RAINFOREST_RESIN;9998;2;9996;1;9995;27;10004;1;10005;27;;;10001.0;278.0
-1;46200;KELP;2018;28;;;;;2021;1;2022;27;;;2019.5;-58.0234375
-1;46300;KELP;2018;29;;;;;2021;29;;;;;2019.5;-70.1015625
-1;46300;RAINFOREST_RESIN;9996;2;9995;27;;;10004;2;10005;27;;;10000.0;278.0
-1;46400;RAINFOREST_RESIN;9995;22;;;;;10005;22;;;;;10000.0;278.0
-1;46400;KELP;2018;22;;;;;2022;22;;;;;2020.0;-59.25
-1;46500;KELP;2019;6;2018;31;;;2021;31;;;;;2020.0;-62.1015625
-1;46500;RAINFOREST_RESIN;10000;6;9996;1;9995;30;10004;1;10005;30;;;10002.0;278.0
-1;46600;KELP;2019;3;2018;28;;;2021;1;2022;27;;;2020.0;-57.6484375
-1;46600;RAINFOREST_RESIN;9998;10;9996;1;9995;27;10004;1;10005;27;;;10001.0;278.0
-1;46700;RAINFOREST_RESIN;9995;26;;;;;10005;26;;;;;10000.0;278.0
-1;46700;KELP;2019;26;;;;;2022;26;;;;;2020.5;-38.6875
-1;46800;RAINFOREST_RESIN;9996;1;9995;21;;;10004;1;10005;21;;;10000.0;278.0
-1;46800;KELP;2019;22;;;;;2022;22;;;;;2020.5;-26.2890625
-1;46900;KELP;2021;1;2019;32;;;2022;32;;;;;2021.5;-37.375
-1;46900;RAINFOREST_RESIN;9996;2;9995;30;;;10004;2;10005;30;;;10000.0;278.0
-1;47000;KELP;2019;21;;;;;2022;21;;;;;2020.5;-33.015625
-1;47000;RAINFOREST_RESIN;9996;1;9995;20;;;10004;1;10005;20;;;10000.0;278.0
-1;47100;RAINFOREST_RESIN;9996;2;9995;24;;;9998;1;10004;2;10005;24;9997.0;278.0
-1;47100;KELP;2019;22;;;;;2022;26;;;;;2020.5;-36.6015625
-1;47200;RAINFOREST_RESIN;10002;1;9996;2;9995;28;10004;2;10005;28;;;10003.0;280.0
-1;47200;KELP;2019;30;;;;;2022;30;;;;;2020.5;-35.2421875
-1;47300;KELP;2019;25;;;;;2021;1;2022;25;;;2020.0;-31.3359375
-1;47300;RAINFOREST_RESIN;10002;1;9998;3;9995;25;10005;25;;;;;10003.5;282.0
-1;47400;KELP;2019;25;;;;;2022;24;;;;;2020.5;-21.7734375
-1;47400;RAINFOREST_RESIN;9995;24;;;;;10002;9;10005;24;;;9998.5;284.0
-1;47500;RAINFOREST_RESIN;9995;30;;;;;10002;1;10005;30;;;9998.5;284.0
-1;47500;KELP;2019;30;;;;;2021;6;2022;30;;;2020.0;-22.8671875
-1;47600;RAINFOREST_RESIN;9996;1;9995;27;;;10004;1;10005;27;;;10000.0;284.0
-1;47600;KELP;2019;28;;;;;2022;28;;;;;2020.5;-14.390625
-1;47700;KELP;2019;23;;;;;2022;23;;;;;2020.5;-12.4375
-1;47700;RAINFOREST_RESIN;9996;1;9995;22;;;10002;8;10004;1;10005;22;9999.0;284.0
-1;47800;KELP;2019;23;;;;;2022;1;2023;22;;;2020.5;-9.9140625
-1;47800;RAINFOREST_RESIN;9996;1;9995;22;;;10002;8;10004;1;10005;22;9999.0;284.0
-1;47900;RAINFOREST_RESIN;10002;1;9995;27;;;10005;27;;;;;10003.5;284.0
-1;47900;KELP;2019;27;;;;;2023;27;;;;;2021.0;-9.0703125
-1;48000;RAINFOREST_RESIN;9995;27;;;;;10005;27;;;;;10000.0;286.0
-1;48000;KELP;2019;27;;;;;2023;27;;;;;2021.0;-10.0
-1;48100;KELP;2019;22;;;;;2022;21;;;;;2020.5;-18.828125
-1;48100;RAINFOREST_RESIN;9995;21;;;;;10002;9;10005;21;;;9998.5;286.0
-1;48200;KELP;2019;25;;;;;2022;25;;;;;2020.5;-21.5390625
-1;48200;RAINFOREST_RESIN;9998;5;9995;25;;;10005;25;;;;;10001.5;286.0
-1;48300;RAINFOREST_RESIN;9996;1;9995;28;;;9998;1;10000;5;10004;1;9997.0;286.0
-1;48300;KELP;2018;29;;;;;2019;5;2022;29;;;2018.5;-54.3046875
-1;48400;RAINFOREST_RESIN;9995;27;;;;;10002;7;10005;27;;;9998.5;288.0
-1;48400;KELP;2019;1;2018;27;;;2022;27;;;;;2020.5;-46.6796875
-1;48500;KELP;2019;1;2018;29;;;2022;29;;;;;2020.5;-49.296875
-1;48500;RAINFOREST_RESIN;9995;29;;;;;9998;1;10005;29;;;9996.5;288.0
-1;48600;KELP;2019;1;2018;29;;;2022;29;;;;;2020.5;-48.40625
-1;48600;RAINFOREST_RESIN;9996;1;9995;28;;;10004;1;10005;28;;;10000.0;290.0
-1;48700;RAINFOREST_RESIN;9996;1;9995;22;;;10004;1;10005;22;;;10000.0;290.0
-1;48700;KELP;2018;23;;;;;2022;23;;;;;2020.0;-51.609375
-1;48800;RAINFOREST_RESIN;9996;1;9995;23;;;10004;1;10005;23;;;10000.0;290.0
-1;48800;KELP;2019;29;;;;;2022;24;;;;;2020.5;-36.8828125
-1;48900;KELP;2019;34;;;;;2022;27;;;;;2020.5;-31.203125
-1;48900;RAINFOREST_RESIN;9995;27;;;;;10005;27;;;;;10000.0;290.0
-1;49000;KELP;2019;39;;;;;2022;32;;;;;2020.5;-35.734375
-1;49000;RAINFOREST_RESIN;9996;2;9995;30;;;10004;2;10005;30;;;10000.0;290.0
-1;49100;RAINFOREST_RESIN;9996;2;9995;30;;;10004;2;10005;30;;;10000.0;290.0
-1;49100;KELP;2019;40;;;;;2022;32;;;;;2020.5;-21.84375
-1;49200;RAINFOREST_RESIN;9996;1;9995;20;;;10004;1;10005;20;;;10000.0;290.0
-1;49200;KELP;2019;21;;;;;2022;21;;;;;2020.5;-32.984375
-1;49300;KELP;2019;21;;;;;2022;22;;;;;2020.5;-26.78125
-1;49300;RAINFOREST_RESIN;9998;9;9996;1;9995;21;10004;1;10005;21;;;10001.0;290.0
-1;49400;KELP;2021;9;2020;5;2019;20;2022;20;;;;;2021.5;-33.578125
-1;49400;RAINFOREST_RESIN;9995;20;;;;;10005;20;;;;;10000.0;290.0
-1;49500;RAINFOREST_RESIN;9996;2;9995;30;;;10004;2;10005;30;;;10000.0;290.0
-1;49500;KELP;2019;40;;;;;2022;32;;;;;2020.5;-19.828125
-1;49600;RAINFOREST_RESIN;9995;24;;;;;10005;24;;;;;10000.0;290.0
-1;49600;KELP;2021;1;2019;24;;;2022;24;;;;;2021.5;-13.0703125
-1;49700;KELP;2019;28;;;;;2022;28;;;;;2020.5;-14.6875
-1;49700;RAINFOREST_RESIN;9998;7;9996;2;9995;26;10004;2;10005;26;;;10001.0;290.0
-1;49800;KELP;2019;25;;;;;2020;5;2023;25;;;2019.5;3.75
-1;49800;RAINFOREST_RESIN;9996;2;9995;23;;;10004;2;10005;23;;;10000.0;290.0
-1;49900;RAINFOREST_RESIN;9998;3;9995;23;;;10005;23;;;;;10001.5;290.0
-1;49900;KELP;2019;23;;;;;2023;23;;;;;2021.0;4.09375
-1;50000;RAINFOREST_RESIN;9996;1;9995;20;;;10004;1;10005;20;;;10000.0;290.0
-1;50000;KELP;2019;21;;;;;2022;1;2023;20;;;2020.5;-0.7109375
-1;50100;KELP;2019;24;;;;;2021;2;2022;24;;;2020.0;-6.5078125
-1;50100;RAINFOREST_RESIN;9995;24;;;;;10005;24;;;;;10000.0;290.0
-1;50200;KELP;2019;24;;;;;2023;24;;;;;2021.0;7.125
-1;50200;RAINFOREST_RESIN;9995;24;;;;;10005;24;;;;;10000.0;290.0
-1;50300;RAINFOREST_RESIN;9995;30;;;;;10002;10;10005;30;;;9998.5;290.0
-1;50300;KELP;2019;30;;;;;2023;30;;;;;2021.0;11.3046875
-1;50400;RAINFOREST_RESIN;9998;4;9996;1;9995;22;10000;2;10004;1;10005;22;9999.0;290.0
-1;50400;KELP;2019;23;;;;;2021;3;2023;23;;;2020.0;10.453125
-1;50500;KELP;2019;25;;;;;2023;25;;;;;2021.0;8.9140625
-1;50500;RAINFOREST_RESIN;9996;2;9995;23;;;10004;2;10005;23;;;10000.0;290.0
-1;50600;KELP;2019;21;;;;;2020;6;2023;23;;;2019.5;12.40625
-1;50600;RAINFOREST_RESIN;10002;1;9996;2;9995;21;10004;2;10005;21;;;10003.0;290.0
-1;50700;RAINFOREST_RESIN;9996;2;9995;22;;;10004;2;10005;22;;;10000.0;292.0
-1;50700;KELP;2020;24;;;;;2023;24;;;;;2021.5;21.78125
-1;50800;RAINFOREST_RESIN;10002;5;9996;2;9995;22;10004;2;10005;22;;;10003.0;292.0
-1;50800;KELP;2022;1;2020;24;;;2023;24;;;;;2022.5;28.78125
-1;50900;KELP;2020;28;;;;;2022;4;2023;28;;;2021.0;32.515625
-1;50900;RAINFOREST_RESIN;9996;1;9995;27;;;10004;1;10005;27;;;10000.0;302.0
-1;51000;KELP;2020;28;;;;;2023;28;;;;;2021.5;28.1328125
-1;51000;RAINFOREST_RESIN;9996;2;9995;26;;;10004;2;10005;26;;;10000.0;302.0
-1;51100;RAINFOREST_RESIN;9998;6;9996;1;9995;25;10004;1;10005;25;;;10001.0;302.0
-1;51100;KELP;2020;26;;;;;2023;26;;;;;2021.5;37.515625
-1;51200;RAINFOREST_RESIN;9996;2;9995;28;;;10004;2;10005;28;;;10000.0;302.0
-1;51200;KELP;2020;30;;;;;2023;30;;;;;2021.5;31.4921875
-1;51300;KELP;2020;25;;;;;2023;25;;;;;2021.5;48.59375
-1;51300;RAINFOREST_RESIN;9996;1;9995;24;;;10004;1;10005;24;;;10000.0;302.0
-1;51400;KELP;2020;30;;;;;2023;30;;;;;2021.5;38.71875
-1;51400;RAINFOREST_RESIN;9995;30;;;;;10002;3;10005;30;;;9998.5;302.0
-1;51500;RAINFOREST_RESIN;9995;30;;;;;10005;30;;;;;10000.0;302.0
-1;51500;KELP;2022;1;2020;30;;;2023;30;;;;;2022.5;37.5859375
-1;51600;RAINFOREST_RESIN;10000;5;9996;2;9995;22;10002;1;10004;2;10005;22;10001.0;302.0
-1;51600;KELP;2021;5;2020;24;;;2023;24;;;;;2022.0;40.4296875
-1;51700;KELP;2020;16;;;;;2023;20;;;;;2021.5;33.09375
-1;51700;RAINFOREST_RESIN;9995;20;;;;;10005;20;;;;;10000.0;302.0
-1;51800;KELP;2020;1;2019;24;;;2023;25;;;;;2021.5;22.8359375
-1;51800;RAINFOREST_RESIN;9996;1;9995;24;;;10004;1;10005;24;;;10000.0;302.0
-1;51900;RAINFOREST_RESIN;9996;1;9995;23;;;10004;1;10005;23;;;10000.0;302.0
-1;51900;KELP;2021;4;2019;24;;;2023;24;;;;;2022.0;13.578125
-1;52000;RAINFOREST_RESIN;9998;3;9995;29;;;10005;29;;;;;10001.5;302.0
-1;52000;KELP;2019;29;;;;;2021;6;2023;29;;;2020.0;18.890625
-1;52100;KELP;2019;21;;;;;2023;21;;;;;2021.0;20.15625
-1;52100;RAINFOREST_RESIN;9995;21;;;;;10005;21;;;;;10000.0;302.0
-1;52200;KELP;2019;31;;;;;2023;31;;;;;2021.0;11.578125
-1;52200;RAINFOREST_RESIN;9996;2;9995;29;;;10004;2;10005;29;;;10000.0;302.0
-1;52300;RAINFOREST_RESIN;10002;1;9996;1;9995;27;10004;1;10005;27;;;10003.0;302.0
-1;52300;KELP;2022;1;2019;28;;;2023;28;;;;;2022.5;16.5390625
-1;52400;RAINFOREST_RESIN;9998;3;9996;1;9995;29;10004;1;10005;29;;;10001.0;304.0
-1;52400;KELP;2020;30;;;;;2023;30;;;;;2021.5;38.921875
-1;52500;KELP;2022;1;2020;28;;;2023;28;;;;;2022.5;36.234375
-1;52500;RAINFOREST_RESIN;9996;1;9995;27;;;9998;1;10004;1;10005;27;9997.0;304.0
-1;52600;RAINFOREST_RESIN;9998;1;9996;1;9995;22;10000;4;10004;1;10005;22;9999.0;306.0
-1;52600;KELP;2020;1;2019;22;;;2021;4;2023;23;;;2020.5;20.4296875
-1;52700;KELP;2019;26;;;;;2023;27;;;;;2021.0;12.96875
-1;52700;RAINFOREST_RESIN;9996;2;9995;25;;;10004;2;10005;25;;;10000.0;306.0
-1;52800;RAINFOREST_RESIN;9995;26;;;;;10005;26;;;;;10000.0;306.0
-1;52800;KELP;2019;26;;;;;2023;26;;;;;2021.0;25.2421875
-1;52900;KELP;2020;30;;;;;2023;30;;;;;2021.5;26.875
-1;52900;RAINFOREST_RESIN;9995;30;;;;;10005;30;;;;;10000.0;306.0
-1;53000;RAINFOREST_RESIN;10002;1;9996;1;9995;20;10004;1;10005;20;;;10003.0;306.0
-1;53000;KELP;2020;21;;;;;2023;21;;;;;2021.5;34.890625
-1;53100;KELP;2019;24;;;;;2023;24;;;;;2021.0;17.3671875
-1;53100;RAINFOREST_RESIN;9995;24;;;;;10005;24;;;;;10000.0;308.0
-1;53200;RAINFOREST_RESIN;9996;1;9995;30;;;10004;1;10005;30;;;10000.0;308.0
-1;53200;KELP;2022;1;2019;31;;;2023;31;;;;;2022.5;19.5859375
-1;53300;KELP;2020;29;;;;;2023;29;;;;;2021.5;28.0625
-1;53300;RAINFOREST_RESIN;9995;29;;;;;10005;29;;;;;10000.0;308.0
-1;53400;RAINFOREST_RESIN;9998;6;9996;2;9995;23;10004;2;10005;23;;;10001.0;308.0
-1;53400;KELP;2020;25;;;;;2023;25;;;;;2021.5;38.984375
-1;53500;KELP;2020;23;;;;;2023;23;;;;;2021.5;33.2421875
-1;53500;RAINFOREST_RESIN;9996;2;9995;21;;;10002;1;10004;2;10005;21;9999.0;308.0
-1;53600;RAINFOREST_RESIN;9995;24;;;;;9998;9;10005;24;;;9996.5;308.0
-1;53600;KELP;2020;24;;;;;2023;24;;;;;2021.5;27.421875
-1;53700;KELP;2019;30;;;;;2023;30;;;;;2021.0;21.7109375
-1;53700;RAINFOREST_RESIN;9998;1;9995;30;;;10005;30;;;;;10001.5;326.0
-1;53800;RAINFOREST_RESIN;10002;3;9995;30;;;10005;30;;;;;10003.5;326.0
-1;53800;KELP;2019;30;;;;;2023;30;;;;;2021.0;20.6953125
-1;53900;KELP;2019;27;;;;;2023;27;;;;;2021.0;17.7421875
-1;53900;RAINFOREST_RESIN;9996;2;9995;25;;;10004;2;10005;25;;;10000.0;332.0
-1;54000;RAINFOREST_RESIN;9998;6;9996;1;9995;30;10004;1;10005;30;;;10001.0;332.0
-1;54000;KELP;2020;31;;;;;2022;1;2023;31;;;2021.0;35.2421875
-1;54100;KELP;2020;24;;;;;2022;2;2023;24;;;2021.0;33.2890625
-1;54100;RAINFOREST_RESIN;9998;2;9996;2;9995;22;10004;2;10005;22;;;10001.0;332.0
-1;54200;RAINFOREST_RESIN;9995;28;;;;;10005;28;;;;;10000.0;332.0
-1;54200;KELP;2020;28;;;;;2023;28;;;;;2021.5;31.921875
-1;54300;KELP;2022;1;2019;25;;;2023;25;;;;;2022.5;15.6015625
-1;54300;RAINFOREST_RESIN;9996;2;9995;23;;;10004;2;10005;23;;;10000.0;332.0
-1;54400;RAINFOREST_RESIN;9995;29;;;;;10005;29;;;;;10000.0;332.0
-1;54400;KELP;2019;29;;;;;2022;29;;;;;2020.5;5.484375
-1;54500;KELP;2019;21;;;;;2022;21;;;;;2020.5;0.8671875
-1;54500;RAINFOREST_RESIN;9996;1;9995;20;;;10004;1;10005;20;;;10000.0;332.0
-1;54600;RAINFOREST_RESIN;10002;3;9995;27;;;10005;27;;;;;10003.5;332.0
-1;54600;KELP;2019;27;;;;;2023;27;;;;;2021.0;7.109375
-1;54700;KELP;2019;29;;;;;2020;4;2022;29;;;2019.5;5.28125
-1;54700;RAINFOREST_RESIN;9996;2;9995;27;;;10004;2;10005;27;;;10000.0;338.0
-1;54800;RAINFOREST_RESIN;9998;8;9995;27;;;10005;27;;;;;10001.5;338.0
-1;54800;KELP;2019;27;;;;;2021;1;2022;27;;;2020.0;5.1015625
-1;54900;KELP;2019;29;;;;;2022;29;;;;;2020.5;2.5
-1;54900;RAINFOREST_RESIN;9996;1;9995;28;;;10002;3;10004;1;10005;28;9999.0;338.0
-1;55000;RAINFOREST_RESIN;9996;2;9995;28;;;10002;8;10004;2;10005;28;9999.0;338.0
-1;55000;KELP;2019;36;;;;;2022;30;;;;;2020.5;-8.6640625
-1;55100;KELP;2019;37;;;;;2022;29;;;;;2020.5;-16.3125
-1;55100;RAINFOREST_RESIN;9995;29;;;;;10005;29;;;;;10000.0;338.0
-1;55200;RAINFOREST_RESIN;9996;2;9995;21;;;10004;2;10005;21;;;10000.0;338.0
-1;55200;KELP;2018;21;;;;;2019;3;2020;8;2022;23;2018.5;-22.9765625
-1;55300;RAINFOREST_RESIN;9996;2;9995;27;;;9998;1;10002;2;10004;2;9997.0;338.0
-1;55300;KELP;2018;29;;;;;2022;29;;;;;2020.0;-27.5625
-1;55400;RAINFOREST_RESIN;9998;3;9996;1;9995;21;10004;1;10005;21;;;10001.0;340.0
-1;55400;KELP;2019;2;2018;22;;;2022;22;;;;;2020.5;-26.0390625
-1;55500;KELP;2021;1;2019;4;2018;25;2022;25;;;;;2021.5;-22.3125
-1;55500;RAINFOREST_RESIN;9995;25;;;;;10002;9;10005;25;;;9998.5;340.0
-1;55600;KELP;2019;3;2018;26;;;2022;26;;;;;2020.5;-23.9140625
-1;55600;RAINFOREST_RESIN;9995;26;;;;;10005;26;;;;;10000.0;340.0
-1;55700;RAINFOREST_RESIN;9996;2;9995;21;;;10004;2;10005;21;;;10000.0;340.0
-1;55700;KELP;2019;25;;;;;2022;23;;;;;2020.5;-19.5
-1;55800;RAINFOREST_RESIN;9998;6;9996;1;9995;26;10004;1;10005;26;;;10001.0;340.0
-1;55800;KELP;2018;27;;;;;2022;27;;;;;2020.0;-24.96875
-1;55900;KELP;2018;22;;;;;2022;22;;;;;2020.0;-34.125
-1;55900;RAINFOREST_RESIN;9995;22;;;;;10005;22;;;;;10000.0;340.0
-1;56000;KELP;2018;24;;;;;2019;3;2021;2;2022;22;2018.5;-38.53125
-1;56000;RAINFOREST_RESIN;9996;2;9995;22;;;10002;10;10004;2;10005;22;9999.0;340.0
-1;56100;RAINFOREST_RESIN;9996;2;9995;20;;;10004;2;10005;20;;;10000.0;340.0
-1;56100;KELP;2019;22;;;;;2022;22;;;;;2020.5;-12.4765625
-1;56200;RAINFOREST_RESIN;9996;1;9995;29;;;10004;1;10005;29;;;10000.0;340.0
-1;56200;KELP;2020;2;2018;30;;;2022;30;;;;;2021.0;-23.90625
-1;56300;KELP;2019;6;2018;27;;;2022;27;;;;;2020.5;-25.21875
-1;56300;RAINFOREST_RESIN;10002;1;9996;2;9995;25;10004;2;10005;25;;;10003.0;340.0
-1;56400;KELP;2018;31;;;;;2022;31;;;;;2020.0;-27.28125
-1;56400;RAINFOREST_RESIN;9996;1;9995;30;;;10004;1;10005;30;;;10000.0;342.0
-1;56500;RAINFOREST_RESIN;9996;2;9995;27;;;10004;2;10005;27;;;10000.0;342.0
-1;56500;KELP;2018;29;;;;;2022;29;;;;;2020.0;-28.734375
-1;56600;RAINFOREST_RESIN;9996;2;9995;29;;;10002;4;10004;2;10005;29;9999.0;342.0
-1;56600;KELP;2019;2;2018;29;;;2022;31;;;;;2020.5;-21.2421875
-1;56700;KELP;2020;6;2018;26;;;2022;26;;;;;2021.0;-31.2734375
-1;56700;RAINFOREST_RESIN;9998;3;9996;2;9995;24;10000;2;10004;2;10005;24;9999.0;342.0
-1;56800;KELP;2018;24;;;;;2021;2;2022;22;;;2019.5;-35.609375
-1;56800;RAINFOREST_RESIN;10002;1;9998;10;9996;2;10004;2;10005;22;;;10003.0;342.0
-1;56900;RAINFOREST_RESIN;9996;2;9995;20;;;10004;2;10005;20;;;10000.0;344.0
-1;56900;KELP;2018;24;;;;;2021;22;;;;;2019.5;-46.1015625
-1;57000;RAINFOREST_RESIN;9996;1;9995;27;;;10004;1;10005;27;;;10000.0;344.0
-1;57000;KELP;2018;28;;;;;2020;8;2021;28;;;2019.0;-60.7265625
-1;57100;KELP;2017;27;;;;;2020;27;;;;;2018.5;-84.046875
-1;57100;RAINFOREST_RESIN;9996;2;9995;25;;;10004;2;10005;25;;;10000.0;344.0
-1;57200;KELP;2019;1;2017;27;;;2020;27;;;;;2019.5;-90.921875
-1;57200;RAINFOREST_RESIN;10002;2;9996;1;9995;26;10004;1;10005;26;;;10003.0;344.0
-1;57300;RAINFOREST_RESIN;9996;1;9995;26;;;10002;9;10004;1;10005;26;9999.0;348.0
-1;57300;KELP;2017;27;;;;;2020;27;;;;;2018.5;-86.4296875
-1;57400;RAINFOREST_RESIN;9995;24;;;;;10005;24;;;;;10000.0;348.0
-1;57400;KELP;2017;24;;;;;2019;2;2020;24;;;2018.0;-90.5703125
-1;57500;KELP;2019;5;2017;30;;;2020;25;;;;;2019.5;-89.8515625
-1;57500;RAINFOREST_RESIN;9998;5;9996;2;9995;23;10004;2;10005;23;;;10001.0;348.0
-1;57600;KELP;2017;24;;;;;2020;24;;;;;2018.5;-84.96875
-1;57600;RAINFOREST_RESIN;9995;24;;;;;10005;24;;;;;10000.0;348.0
-1;57700;RAINFOREST_RESIN;9995;29;;;;;10005;29;;;;;10000.0;348.0
-1;57700;KELP;2017;29;;;;;2020;29;;;;;2018.5;-85.5859375
-1;57800;RAINFOREST_RESIN;9998;1;9996;2;9995;29;10004;2;10005;29;;;10001.0;348.0
-1;57800;KELP;2017;31;;;;;2020;2;2021;29;;;2018.5;-77.5546875
-1;57900;KELP;2017;27;;;;;2018;6;2019;5;2020;2;2017.5;-80.34375
-1;57900;RAINFOREST_RESIN;9996;2;9995;25;;;9998;1;10000;6;10004;2;9997.0;348.0
-1;58000;KELP;2017;29;;;;;2020;1;2021;24;;;2018.5;-76.09375
-1;58000;RAINFOREST_RESIN;9996;1;9995;24;;;9998;4;10004;1;10005;24;9997.0;350.0
-1;58100;RAINFOREST_RESIN;9995;23;;;;;10005;23;;;;;10000.0;358.0
-1;58100;KELP;2017;23;;;;;2020;23;;;;;2018.5;-89.9375
-1;58200;RAINFOREST_RESIN;9996;1;9995;30;;;10004;1;10005;30;;;10000.0;358.0
-1;58200;KELP;2017;31;;;;;2020;31;;;;;2018.5;-87.125
-1;58300;KELP;2017;29;;;;;2020;29;;;;;2018.5;-89.3046875
-1;58300;RAINFOREST_RESIN;9995;29;;;;;10005;29;;;;;10000.0;358.0
-1;58400;KELP;2016;23;;;;;2018;1;2019;23;;;2017.0;-138.609375
-1;58400;RAINFOREST_RESIN;9996;2;9995;21;;;10004;2;10005;21;;;10000.0;358.0
-1;58500;RAINFOREST_RESIN;9995;21;;;;;10002;1;10005;21;;;9998.5;358.0
-1;58500;KELP;2016;21;;;;;2019;21;;;;;2017.5;-147.1484375
-1;58600;RAINFOREST_RESIN;10002;1;9995;25;;;10005;25;;;;;10003.5;358.0
-1;58600;KELP;2015;25;;;;;2017;7;2019;25;;;2016.0;-158.953125
-1;58700;KELP;2015;34;;;;;2018;32;;;;;2016.5;-172.46875
-1;58700;RAINFOREST_RESIN;9996;2;9995;30;;;10004;2;10005;30;;;10000.0;360.0
-1;58800;KELP;2015;29;;;;;2019;29;;;;;2017.0;-160.5390625
-1;58800;RAINFOREST_RESIN;9995;29;;;;;10002;1;10005;29;;;9998.5;360.0
-1;58900;RAINFOREST_RESIN;9996;1;9995;24;;;10004;1;10005;24;;;10000.0;360.0
-1;58900;KELP;2015;25;;;;;2019;25;;;;;2017.0;-153.2734375
-1;59000;RAINFOREST_RESIN;9996;2;9995;20;;;10004;2;10005;20;;;10000.0;360.0
-1;59000;KELP;2016;22;;;;;2019;22;;;;;2017.5;-139.15625
-1;59100;KELP;2016;34;;;;;2019;27;;;;;2017.5;-127.59375
-1;59100;RAINFOREST_RESIN;9995;27;;;;;10005;27;;;;;10000.0;360.0
-1;59200;KELP;2016;31;;;;;2020;31;;;;;2018.0;-104.390625
-1;59200;RAINFOREST_RESIN;9998;4;9996;2;9995;29;10004;2;10005;29;;;10001.0;360.0
-1;59300;RAINFOREST_RESIN;9996;1;9995;26;;;10004;1;10005;26;;;10000.0;360.0
-1;59300;KELP;2016;26;;;;;2018;2;2019;27;;;2017.0;-125.90625
-1;59400;RAINFOREST_RESIN;9996;1;9995;21;;;10004;1;10005;21;;;10000.0;360.0
-1;59400;KELP;2015;22;;;;;2019;22;;;;;2017.0;-153.8046875
-1;59500;KELP;2015;23;;;;;2019;23;;;;;2017.0;-149.1640625
-1;59500;RAINFOREST_RESIN;10002;5;9995;23;;;10005;23;;;;;10003.5;360.0
-1;59600;KELP;2016;29;;;;;2019;29;;;;;2017.5;-143.3359375
-1;59600;RAINFOREST_RESIN;9996;2;9995;27;;;10004;2;10005;27;;;10000.0;370.0
-1;59700;RAINFOREST_RESIN;9995;21;;;;;10005;21;;;;;10000.0;370.0
-1;59700;KELP;2015;21;;;;;2018;21;;;;;2016.5;-185.1796875
-1;59800;RAINFOREST_RESIN;9996;1;9995;24;;;10004;1;10005;24;;;10000.0;370.0
-1;59800;KELP;2015;25;;;;;2018;25;;;;;2016.5;-179.3984375
-1;59900;KELP;2015;24;;;;;2018;24;;;;;2016.5;-185.5703125
-1;59900;RAINFOREST_RESIN;9996;1;9995;23;;;10002;6;10004;1;10005;23;9999.0;370.0
-1;60000;KELP;2015;22;;;;;2018;22;;;;;2016.5;-180.5078125
-1;60000;RAINFOREST_RESIN;9998;3;9995;22;;;10005;22;;;;;10001.5;370.0
-1;60100;RAINFOREST_RESIN;9996;2;9995;25;;;10004;2;10005;25;;;10000.0;370.0
-1;60100;KELP;2015;27;;;;;2018;27;;;;;2016.5;-184.46875
-1;60200;RAINFOREST_RESIN;9995;25;;;;;10005;25;;;;;10000.0;370.0
-1;60200;KELP;2016;3;2015;25;;;2018;25;;;;;2017.0;-195.8984375
-1;60300;KELP;2015;28;;;;;2018;28;;;;;2016.5;-197.3359375
-1;60300;RAINFOREST_RESIN;9996;1;9995;27;;;10004;1;10005;27;;;10000.0;370.0
-1;60400;KELP;2015;1;2014;20;;;2018;21;;;;;2016.5;-202.0078125
-1;60400;RAINFOREST_RESIN;9996;1;9995;20;;;9998;1;10004;1;10005;20;9997.0;370.0
-1;60500;RAINFOREST_RESIN;9996;1;9995;23;;;10004;1;10005;23;;;10000.0;372.0
-1;60500;KELP;2015;24;;;;;2018;24;;;;;2016.5;-175.7890625
-1;60600;RAINFOREST_RESIN;9996;2;9995;22;;;10004;2;10005;22;;;10000.0;372.0
-1;60600;KELP;2015;26;;;;;2018;24;;;;;2016.5;-177.21875
-1;60700;KELP;2015;22;;;;;2017;5;2018;22;;;2016.0;-177.609375
-1;60700;RAINFOREST_RESIN;9995;22;;;;;10005;22;;;;;10000.0;372.0
-1;60800;KELP;2015;31;;;;;2018;32;;;;;2016.5;-176.9296875
-1;60800;RAINFOREST_RESIN;10002;10;9996;2;9995;30;10004;2;10005;30;;;10003.0;372.0
-1;60900;RAINFOREST_RESIN;9996;2;9995;29;;;10004;2;10005;29;;;10000.0;392.0
-1;60900;KELP;2015;28;;;;;2017;4;2018;31;;;2016.0;-188.734375
-1;61000;RAINFOREST_RESIN;9995;28;;;;;10005;28;;;;;10000.0;392.0
-1;61000;KELP;2015;28;;;;;2018;28;;;;;2016.5;-182.2109375
-1;61100;KELP;2015;29;;;;;2017;3;2018;29;;;2016.0;-196.6953125
-1;61100;RAINFOREST_RESIN;9995;29;;;;;10005;29;;;;;10000.0;392.0
-1;61200;KELP;2015;22;;;;;2016;2;2018;22;;;2015.5;-184.3984375
-1;61200;RAINFOREST_RESIN;9998;9;9996;1;9995;21;10000;2;10004;1;10005;21;9999.0;392.0
-1;61300;RAINFOREST_RESIN;9996;1;9995;22;;;10004;1;10005;22;;;10000.0;392.0
-1;61300;KELP;2015;23;;;;;2018;23;;;;;2016.5;-171.125
-1;61400;RAINFOREST_RESIN;9996;1;9995;30;;;10004;1;10005;30;;;10000.0;392.0
-1;61400;KELP;2015;31;;;;;2018;1;2019;30;;;2016.5;-166.171875
-1;61500;KELP;2015;29;;;;;2018;29;;;;;2016.5;-185.5546875
-1;61500;RAINFOREST_RESIN;9996;2;9995;27;;;10004;2;10005;27;;;10000.0;392.0
-1;61600;RAINFOREST_RESIN;9996;2;9995;28;;;10004;2;10005;28;;;10000.0;392.0
-1;61600;KELP;2015;30;;;;;2017;5;2018;30;;;2016.0;-196.1796875
-1;61700;KELP;2014;26;;;;;2016;7;2017;27;;;2015.0;-231.6640625
-1;61700;RAINFOREST_RESIN;9996;1;9995;26;;;10004;1;10005;26;;;10000.0;392.0
-1;61800;RAINFOREST_RESIN;9995;20;;;;;10005;20;;;;;10000.0;392.0
-1;61800;KELP;2015;20;;;;;2018;20;;;;;2016.5;-194.0625
-1;61900;KELP;2014;26;;;;;2017;26;;;;;2015.5;-227.640625
-1;61900;RAINFOREST_RESIN;9995;26;;;;;9998;1;10005;26;;;9996.5;392.0
-1;62000;RAINFOREST_RESIN;9995;20;;;;;10005;20;;;;;10000.0;394.0
-1;62000;KELP;2016;1;2014;20;;;2017;20;;;;;2016.5;-224.8359375
-1;62100;KELP;2014;25;;;;;2017;25;;;;;2015.5;-221.453125
-1;62100;RAINFOREST_RESIN;9996;2;9995;23;;;10004;2;10005;23;;;10000.0;394.0
-1;62200;RAINFOREST_RESIN;9995;25;;;;;10002;3;10005;25;;;9998.5;394.0
-1;62200;KELP;2014;25;;;;;2017;25;;;;;2015.5;-228.09375
-1;62300;KELP;2014;22;;;;;2017;22;;;;;2015.5;-223.015625
-1;62300;RAINFOREST_RESIN;9995;22;;;;;10005;22;;;;;10000.0;394.0
-1;62400;RAINFOREST_RESIN;9996;2;9995;23;;;10004;2;10005;23;;;10000.0;394.0
-1;62400;KELP;2014;25;;;;;2016;8;2018;25;;;2015.0;-202.9609375
-1;62500;KELP;2015;3;2014;23;;;2018;24;;;;;2016.5;-201.6484375
-1;62500;RAINFOREST_RESIN;9996;1;9995;23;;;10004;1;10005;23;;;10000.0;394.0
-1;62600;RAINFOREST_RESIN;9995;29;;;;;10005;29;;;;;10000.0;394.0
-1;62600;KELP;2015;29;;;;;2018;29;;;;;2016.5;-179.3671875
-1;62700;KELP;2015;26;;;;;2018;26;;;;;2016.5;-181.3203125
-1;62700;RAINFOREST_RESIN;9996;2;9995;24;;;10004;2;10005;24;;;10000.0;394.0
-1;62800;RAINFOREST_RESIN;9995;26;;;;;10005;26;;;;;10000.0;394.0
-1;62800;KELP;2015;25;;;;;2017;1;2019;26;;;2016.0;-163.453125
-1;62900;KELP;2016;29;;;;;2018;1;2019;29;;;2017.0;-137.4453125
-1;62900;RAINFOREST_RESIN;9996;2;9995;27;;;9998;4;10004;2;10005;27;9997.0;394.0
-1;63000;RAINFOREST_RESIN;9995;29;;;;;10005;29;;;;;10000.0;402.0
-1;63000;KELP;2016;29;;;;;2018;4;2019;29;;;2017.0;-134.75
-1;63100;KELP;2016;25;;;;;2020;26;;;;;2018.0;-112.3671875
-1;63100;RAINFOREST_RESIN;9996;2;9995;24;;;10004;2;10005;24;;;10000.0;402.0
-1;63200;RAINFOREST_RESIN;9995;28;;;;;10005;28;;;;;10000.0;402.0
-1;63200;KELP;2016;28;;;;;2020;28;;;;;2018.0;-110.6328125
-1;63300;KELP;2016;32;;;;;2019;2;2020;30;;;2017.5;-116.625
-1;63300;RAINFOREST_RESIN;9996;2;9995;30;;;10004;2;10005;30;;;10000.0;402.0
-1;63400;RAINFOREST_RESIN;9996;2;9995;24;;;10004;2;10005;24;;;10000.0;402.0
-1;63400;KELP;2018;3;2016;26;;;2020;26;;;;;2019.0;-113.6484375
-1;63500;KELP;2016;22;;;;;2019;20;;;;;2017.5;-120.4453125
-1;63500;RAINFOREST_RESIN;9998;8;9995;20;;;10005;20;;;;;10001.5;402.0
-1;63600;RAINFOREST_RESIN;9995;21;;;;;10005;21;;;;;10000.0;402.0
-1;63600;KELP;2018;1;2016;21;;;2019;21;;;;;2018.5;-124.6171875
-1;63700;KELP;2017;8;2016;30;;;2019;2;2020;28;;;2018.0;-116.1328125
-1;63700;RAINFOREST_RESIN;9996;2;9995;28;;;10002;6;10004;2;10005;28;9999.0;402.0
-1;63800;RAINFOREST_RESIN;9996;1;9995;21;;;10004;1;10005;21;;;10000.0;402.0
-1;63800;KELP;2016;21;;;;;2018;7;2020;22;;;2017.0;-111.390625
-1;63900;KELP;2016;21;;;;;2018;6;2020;21;;;2017.0;-118.2109375
-1;63900;RAINFOREST_RESIN;9995;21;;;;;10005;21;;;;;10000.0;402.0
-1;64000;RAINFOREST_RESIN;9998;6;9995;30;;;10005;30;;;;;10001.5;402.0
-1;64000;KELP;2016;30;;;;;2019;30;;;;;2017.5;-122.5859375
-1;64100;KELP;2016;27;;;;;2019;27;;;;;2017.5;-122.5625
-1;64100;RAINFOREST_RESIN;9995;27;;;;;10002;6;10005;27;;;9998.5;402.0
-1;64200;KELP;2015;25;;;;;2018;25;;;;;2016.5;-168.0546875
-1;64200;RAINFOREST_RESIN;9996;1;9995;24;;;10004;1;10005;24;;;10000.0;402.0
-1;64300;RAINFOREST_RESIN;9998;7;9996;1;9995;22;10004;1;10005;22;;;10001.0;402.0
-1;64300;KELP;2015;23;;;;;2018;23;;;;;2016.5;-179.46875
-1;64400;RAINFOREST_RESIN;9998;8;9996;2;9995;27;10004;2;10005;27;;;10001.0;402.0
-1;64400;KELP;2015;31;;;;;2018;29;;;;;2016.5;-176.5546875
-1;64500;KELP;2015;29;;;;;2017;6;2018;29;;;2016.0;-172.3125
-1;64500;RAINFOREST_RESIN;9998;5;9996;2;9995;27;10004;2;10005;27;;;10001.0;402.0
-1;64600;KELP;2015;26;;;;;2018;26;;;;;2016.5;-176.9375
-1;64600;RAINFOREST_RESIN;9995;26;;;;;10005;26;;;;;10000.0;402.0
-1;64700;RAINFOREST_RESIN;9995;28;;;;;10005;28;;;;;10000.0;402.0
-1;64700;KELP;2015;28;;;;;2018;28;;;;;2016.5;-190.3125
-1;64800;RAINFOREST_RESIN;9996;2;9995;30;;;10004;2;10005;30;;;10000.0;402.0
-1;64800;KELP;2015;2;2014;30;;;2018;32;;;;;2016.5;-191.296875
-1;64900;KELP;2015;31;;;;;2017;3;2018;31;;;2016.0;-190.328125
-1;64900;RAINFOREST_RESIN;9996;2;9995;29;;;10004;2;10005;29;;;10000.0;402.0
-1;65000;KELP;2015;25;;;;;2018;25;;;;;2016.5;-175.7109375
-1;65000;RAINFOREST_RESIN;9995;25;;;;;9998;1;10005;25;;;9996.5;402.0
-1;65100;RAINFOREST_RESIN;9996;2;9995;23;;;10004;2;10005;23;;;10000.0;404.0
-1;65100;KELP;2015;25;;;;;2018;25;;;;;2016.5;-180.640625
-1;65200;RAINFOREST_RESIN;9998;8;9995;29;;;10005;29;;;;;10001.5;404.0
-1;65200;KELP;2017;1;2015;29;;;2019;29;;;;;2018.0;-156.8203125
-1;65300;KELP;2015;21;;;;;2017;2;2018;21;;;2016.0;-171.9296875
-1;65300;RAINFOREST_RESIN;9995;21;;;;;10002;3;10005;21;;;9998.5;404.0
-1;65400;KELP;2015;28;;;;;2016;3;2018;28;;;2015.5;-167.5
-1;65400;RAINFOREST_RESIN;9996;2;9995;26;;;10000;3;10004;2;10005;26;9998.0;404.0
-1;65500;RAINFOREST_RESIN;9996;2;9995;27;;;10004;2;10005;27;;;10000.0;404.0
-1;65500;KELP;2015;36;;;;;2018;29;;;;;2016.5;-175.046875
-1;65600;RAINFOREST_RESIN;9998;5;9995;20;;;10005;20;;;;;10001.5;404.0
-1;65600;KELP;2015;20;;;;;2019;20;;;;;2017.0;-159.9375
-1;65700;KELP;2014;29;;;;;2018;29;;;;;2016.0;-191.6640625
-1;65700;RAINFOREST_RESIN;9995;29;;;;;10005;29;;;;;10000.0;404.0
-1;65800;KELP;2015;20;;;;;2017;7;2018;20;;;2016.0;-187.296875
-1;65800;RAINFOREST_RESIN;9998;9;9995;20;;;10005;20;;;;;10001.5;404.0
-1;65900;RAINFOREST_RESIN;9996;1;9995;23;;;10004;1;10005;23;;;10000.0;404.0
-1;65900;KELP;2015;29;;;;;2018;24;;;;;2016.5;-178.0625
-1;66000;RAINFOREST_RESIN;9998;4;9996;2;9995;22;10004;2;10005;22;;;10001.0;404.0
-1;66000;KELP;2015;24;;;;;2018;24;;;;;2016.5;-177.0546875
-1;66100;KELP;2015;27;;;;;2018;27;;;;;2016.5;-171.8359375
-1;66100;RAINFOREST_RESIN;9996;1;9995;26;;;9998;1;10004;1;10005;26;9997.0;404.0
-1;66200;KELP;2016;5;2015;20;;;2019;20;;;;;2017.5;-152.625
-1;66200;RAINFOREST_RESIN;10002;1;10000;5;9995;20;10005;20;;;;;10003.5;406.0
-1;66300;RAINFOREST_RESIN;9996;1;9995;24;;;10004;1;10005;24;;;10000.0;408.0
-1;66300;KELP;2018;1;2016;2;2015;25;2019;25;;;;;2018.5;-148.3359375
-1;66400;RAINFOREST_RESIN;9995;21;;;;;9998;3;10005;21;;;9996.5;408.0
-1;66400;KELP;2015;21;;;;;2019;21;;;;;2017.0;-143.296875
-1;66500;KELP;2015;22;;;;;2019;22;;;;;2017.0;-146.1015625
-1;66500;RAINFOREST_RESIN;9996;2;9995;20;;;10004;2;10005;20;;;10000.0;414.0
-1;66600;KELP;2015;22;;;;;2017;3;2019;22;;;2016.0;-156.78125
-1;66600;RAINFOREST_RESIN;9995;22;;;;;10005;22;;;;;10000.0;414.0
-1;66700;RAINFOREST_RESIN;9998;9;9995;27;;;10005;27;;;;;10001.5;414.0
-1;66700;KELP;2014;27;;;;;2018;27;;;;;2016.0;-197.609375
-1;66800;RAINFOREST_RESIN;9995;30;;;;;10005;30;;;;;10000.0;414.0
-1;66800;KELP;2014;30;;;;;2018;30;;;;;2016.0;-193.078125
-1;66900;KELP;2017;1;2015;4;2014;23;2018;23;;;;;2017.5;-190.7578125
-1;66900;RAINFOREST_RESIN;9998;4;9995;23;;;10005;23;;;;;10001.5;414.0
-1;67000;KELP;2015;25;;;;;2018;25;;;;;2016.5;-182.09375
-1;67000;RAINFOREST_RESIN;9996;1;9995;24;;;10004;1;10005;24;;;10000.0;414.0
-1;67100;RAINFOREST_RESIN;9995;23;;;;;10005;23;;;;;10000.0;414.0
-1;67100;KELP;2015;23;;;;;2018;23;;;;;2016.5;-185.3125
-1;67200;RAINFOREST_RESIN;9996;2;9995;20;;;10002;3;10004;2;10005;20;9999.0;414.0
-1;67200;KELP;2015;21;;;;;2018;22;;;;;2016.5;-176.46875
-1;67300;KELP;2015;31;;;;;2018;30;;;;;2016.5;-174.1171875
-1;67300;RAINFOREST_RESIN;9995;30;;;;;9998;3;10005;30;;;9996.5;414.0
-1;67400;KELP;2015;26;;;;;2018;26;;;;;2016.5;-160.8984375
-1;67400;RAINFOREST_RESIN;9998;4;9996;1;9995;25;10004;1;10005;25;;;10001.0;420.0
-1;67500;RAINFOREST_RESIN;9995;21;;;;;10005;21;;;;;10000.0;420.0
-1;67500;KELP;2015;20;;;;;2018;21;;;;;2016.5;-164.515625
-1;67600;RAINFOREST_RESIN;9996;2;9995;25;;;10004;2;10005;25;;;10000.0;420.0
-1;67600;KELP;2015;27;;;;;2018;27;;;;;2016.5;-166.859375
-1;67700;KELP;2015;33;;;;;2018;30;;;;;2016.5;-163.21875
-1;67700;RAINFOREST_RESIN;9996;1;9995;29;;;10004;1;10005;29;;;10000.0;420.0
-1;67800;KELP;2015;38;;;;;2018;30;;;;;2016.5;-178.9609375
-1;67800;RAINFOREST_RESIN;9998;3;9995;30;;;10005;30;;;;;10001.5;420.0
-1;67900;RAINFOREST_RESIN;9995;25;;;;;10005;25;;;;;10000.0;420.0
-1;67900;KELP;2015;25;;;;;2018;25;;;;;2016.5;-164.875
-1;68000;RAINFOREST_RESIN;9996;2;9995;21;;;10004;2;10005;21;;;10000.0;420.0
-1;68000;KELP;2015;23;;;;;2018;23;;;;;2016.5;-163.0390625
-1;68100;KELP;2015;31;;;;;2017;4;2018;31;;;2016.0;-185.0390625
-1;68100;RAINFOREST_RESIN;9996;2;9995;29;;;10004;2;10005;29;;;10000.0;420.0
-1;68200;KELP;2017;1;2015;31;;;2018;31;;;;;2017.5;-174.59375
-1;68200;RAINFOREST_RESIN;9996;2;9995;29;;;10004;2;10005;29;;;10000.0;420.0
-1;68300;RAINFOREST_RESIN;9996;1;9995;28;;;10004;1;10005;28;;;10000.0;420.0
-1;68300;KELP;2017;1;2015;29;;;2018;29;;;;;2017.5;-179.140625
-1;68400;RAINFOREST_RESIN;9996;2;9995;26;;;10004;2;10005;26;;;10000.0;420.0
-1;68400;KELP;2015;28;;;;;2018;28;;;;;2016.5;-171.9609375
-1;68500;KELP;2015;23;;;;;2018;23;;;;;2016.5;-168.28125
-1;68500;RAINFOREST_RESIN;9995;23;;;;;10002;5;10005;23;;;9998.5;420.0
-1;68600;KELP;2015;24;;;;;2018;25;;;;;2016.5;-169.828125
-1;68600;RAINFOREST_RESIN;9996;1;9995;24;;;10004;1;10005;24;;;10000.0;420.0
-1;68700;RAINFOREST_RESIN;9996;1;9995;27;;;10004;1;10005;27;;;10000.0;420.0
-1;68700;KELP;2015;28;;;;;2018;28;;;;;2016.5;-162.546875
-1;68800;RAINFOREST_RESIN;9995;22;;;;;9998;1;10005;22;;;9996.5;420.0
-1;68800;KELP;2015;22;;;;;2018;22;;;;;2016.5;-167.8515625
-1;68900;KELP;2017;1;2015;28;;;2018;28;;;;;2017.5;-184.921875
-1;68900;RAINFOREST_RESIN;9996;1;9995;27;;;10004;1;10005;27;;;10000.0;422.0
-1;69000;KELP;2015;30;;;;;2018;30;;;;;2016.5;-165.671875
-1;69000;RAINFOREST_RESIN;9996;2;9995;28;;;10004;2;10005;28;;;10000.0;422.0
-1;69100;RAINFOREST_RESIN;9998;9;9996;1;9995;30;10004;1;10005;30;;;10001.0;422.0
-1;69100;KELP;2015;30;;;;;2018;31;;;;;2016.5;-173.796875
-1;69200;RAINFOREST_RESIN;9996;2;9995;28;;;10004;2;10005;28;;;10000.0;422.0
-1;69200;KELP;2017;3;2015;30;;;2018;30;;;;;2017.5;-175.453125
-1;69300;KELP;2017;1;2015;21;;;2018;21;;;;;2017.5;-175.7265625
-1;69300;RAINFOREST_RESIN;9995;21;;;;;9998;1;10005;21;;;9996.5;422.0
-1;69400;KELP;2015;26;;;;;2018;26;;;;;2016.5;-173.5625
-1;69400;RAINFOREST_RESIN;10002;1;9998;2;9996;1;10004;1;10005;25;;;10003.0;424.0
-1;69500;RAINFOREST_RESIN;9998;1;9996;2;9995;24;10004;2;10005;24;;;10001.0;426.0
-1;69500;KELP;2015;32;;;;;2018;26;;;;;2016.5;-172.0625
-1;69600;RAINFOREST_RESIN;9995;23;;;;;10005;23;;;;;10000.0;426.0
-1;69600;KELP;2015;22;;;;;2018;23;;;;;2016.5;-172.4609375
-1;69700;KELP;2015;21;;;;;2018;21;;;;;2016.5;-172.421875
-1;69700;RAINFOREST_RESIN;10002;1;9996;1;9995;20;10004;1;10005;20;;;10003.0;426.0
-1;69800;KELP;2015;24;;;;;2018;24;;;;;2016.5;-162.546875
-1;69800;RAINFOREST_RESIN;9996;1;9995;23;;;10004;1;10005;23;;;10000.0;428.0
-1;69900;RAINFOREST_RESIN;9996;2;9995;27;;;10004;2;10005;27;;;10000.0;428.0
-1;69900;KELP;2015;29;;;;;2018;29;;;;;2016.5;-163.7734375
-1;70000;RAINFOREST_RESIN;9996;2;9995;27;;;10004;2;10005;27;;;10000.0;428.0
-1;70000;KELP;2015;29;;;;;2018;29;;;;;2016.5;-168.8671875
-1;70100;KELP;2015;23;;;;;2018;2;2019;22;;;2016.5;-156.4296875
-1;70100;RAINFOREST_RESIN;9996;2;9995;22;;;10004;2;10005;22;;;10000.0;428.0
-1;70200;KELP;2015;22;;;;;2018;22;;;;;2016.5;-164.0390625
-1;70200;RAINFOREST_RESIN;9996;1;9995;21;;;10004;1;10005;21;;;10000.0;428.0
-1;70300;RAINFOREST_RESIN;9996;1;9995;25;;;9998;2;10004;1;10005;25;9997.0;428.0
-1;70300;KELP;2015;26;;;;;2018;26;;;;;2016.5;-174.25
-1;70400;RAINFOREST_RESIN;9995;26;;;;;10005;26;;;;;10000.0;432.0
-1;70400;KELP;2015;26;;;;;2017;6;2018;26;;;2016.0;-180.3046875
-1;70500;KELP;2015;23;;;;;2016;3;2017;3;2018;23;2015.5;-172.53125
-1;70500;RAINFOREST_RESIN;9995;23;;;;;10000;3;10005;23;;;9997.5;432.0
-1;70600;RAINFOREST_RESIN;9996;1;9995;27;;;10004;1;10005;27;;;10000.0;432.0
-1;70600;KELP;2015;34;;;;;2018;28;;;;;2016.5;-157.71875
-1;70700;KELP;2015;26;;;;;2018;26;;;;;2016.5;-174.0625
-1;70700;RAINFOREST_RESIN;9995;26;;;;;10005;26;;;;;10000.0;432.0
-1;70800;RAINFOREST_RESIN;10002;1;9995;27;;;10005;27;;;;;10003.5;432.0
-1;70800;KELP;2015;26;;;;;2018;27;;;;;2016.5;-168.3515625
-1;70900;KELP;2015;32;;;;;2018;32;;;;;2016.5;-167.484375
-1;70900;RAINFOREST_RESIN;9996;2;9995;30;;;10004;2;10005;30;;;10000.0;434.0
-1;71000;RAINFOREST_RESIN;9996;1;9995;29;;;10002;5;10004;1;10005;29;9999.0;434.0
-1;71000;KELP;2015;30;;;;;2018;30;;;;;2016.5;-169.171875
-1;71100;KELP;2015;22;;;;;2018;22;;;;;2016.5;-167.9609375
-1;71100;RAINFOREST_RESIN;9998;9;9996;1;9995;21;10004;1;10005;21;;;10001.0;434.0
-1;71200;RAINFOREST_RESIN;10002;1;9996;1;9995;28;10004;1;10005;28;;;10003.0;434.0
-1;71200;KELP;2015;28;;;;;2018;29;;;;;2016.5;-169.2890625
-1;71300;KELP;2015;28;;;;;2017;4;2018;28;;;2016.0;-176.1328125
-1;71300;RAINFOREST_RESIN;9996;2;9995;26;;;10002;4;10004;2;10005;26;9999.0;436.0
-1;71400;RAINFOREST_RESIN;9996;2;9995;24;;;10002;3;10004;2;10005;24;9999.0;436.0
-1;71400;KELP;2015;26;;;;;2018;26;;;;;2016.5;-178.296875
-1;71500;KELP;2015;25;;;;;2018;28;;;;;2016.5;-164.9140625
-1;71500;RAINFOREST_RESIN;10002;1;9996;2;9995;26;10004;2;10005;26;;;10003.0;436.0
-1;71600;RAINFOREST_RESIN;9996;1;9995;27;;;9998;3;10004;1;10005;27;9997.0;438.0
-1;71600;KELP;2014;28;;;;;2018;28;;;;;2016.0;-188.84375
-1;71700;KELP;2014;31;;;;;2016;4;2018;31;;;2015.0;-188.0
-1;71700;RAINFOREST_RESIN;9996;2;9995;29;;;10004;2;10005;29;;;10000.0;444.0
-1;71800;RAINFOREST_RESIN;10002;1;9996;2;9995;25;10004;2;10005;25;;;10003.0;444.0
-1;71800;KELP;2014;27;;;;;2018;27;;;;;2016.0;-187.4765625
-1;71900;KELP;2014;26;;;;;2018;26;;;;;2016.0;-193.5390625
-1;71900;RAINFOREST_RESIN;10002;1;9996;1;9995;25;10004;1;10005;25;;;10003.0;446.0
-1;72000;RAINFOREST_RESIN;9996;1;9995;20;;;10004;1;10005;20;;;10000.0;448.0
-1;72000;KELP;2015;21;;;;;2017;6;2018;21;;;2016.0;-167.4375
-1;72100;KELP;2014;21;;;;;2016;5;2018;21;;;2015.0;-186.1640625
-1;72100;RAINFOREST_RESIN;9995;21;;;;;10005;21;;;;;10000.0;448.0
-1;72200;RAINFOREST_RESIN;9996;2;9995;29;;;10004;2;10005;29;;;10000.0;448.0
-1;72200;KELP;2016;3;2014;31;;;2018;31;;;;;2017.0;-193.7421875
-1;72300;KELP;2014;23;;;;;2018;23;;;;;2016.0;-184.9140625
-1;72300;RAINFOREST_RESIN;9996;1;9995;22;;;10002;8;10004;1;10005;22;9999.0;448.0
-1;72400;RAINFOREST_RESIN;10002;1;9996;2;9995;20;10004;2;10005;20;;;10003.0;448.0
-1;72400;KELP;2014;22;;;;;2016;6;2018;22;;;2015.0;-191.34375
-1;72500;KELP;2014;34;;;;;2017;27;;;;;2015.5;-207.890625
-1;72500;RAINFOREST_RESIN;9996;2;9995;25;;;10004;2;10005;25;;;10000.0;450.0
-1;72600;RAINFOREST_RESIN;9996;2;9995;27;;;10004;2;10005;27;;;10000.0;450.0
-1;72600;KELP;2014;35;;;;;2015;4;2017;29;;;2014.5;-202.109375
-1;72700;KELP;2014;23;;;;;2017;23;;;;;2015.5;-206.7421875
-1;72700;RAINFOREST_RESIN;9995;23;;;;;10005;23;;;;;10000.0;450.0
-1;72800;RAINFOREST_RESIN;9995;20;;;;;10005;20;;;;;10000.0;450.0
-1;72800;KELP;2014;20;;;;;2017;20;;;;;2015.5;-205.25
-1;72900;KELP;2014;24;;;;;2017;24;;;;;2015.5;-207.078125
-1;72900;RAINFOREST_RESIN;9998;1;9996;2;9995;22;10004;2;10005;22;;;10001.0;450.0
-1;73000;RAINFOREST_RESIN;9996;1;9995;21;;;10002;7;10004;1;10005;21;9999.0;450.0
-1;73000;KELP;2014;21;;;;;2016;2;2017;22;;;2015.0;-206.7734375
-1;73100;KELP;2014;31;;;;;2017;31;;;;;2015.5;-215.1171875
-1;73100;RAINFOREST_RESIN;9996;2;9995;29;;;10002;3;10004;2;10005;29;9999.0;450.0
-1;73200;KELP;2014;21;;;;;2017;21;;;;;2015.5;-220.84375
-1;73200;RAINFOREST_RESIN;9995;21;;;;;10005;21;;;;;10000.0;450.0
-1;73300;RAINFOREST_RESIN;9996;1;9995;29;;;10004;1;10005;29;;;10000.0;450.0
-1;73300;KELP;2014;30;;;;;2017;30;;;;;2015.5;-226.4296875
-1;73400;RAINFOREST_RESIN;9995;30;;;;;9998;1;10005;30;;;9996.5;450.0
-1;73400;KELP;2014;30;;;;;2016;4;2017;30;;;2015.0;-221.8984375
-1;73500;KELP;2014;25;;;;;2017;25;;;;;2015.5;-218.3671875
-1;73500;RAINFOREST_RESIN;9996;2;9995;23;;;10004;2;10005;23;;;10000.0;452.0
-1;73600;KELP;2014;25;;;;;2017;25;;;;;2015.5;-217.3359375
-1;73600;RAINFOREST_RESIN;9996;1;9995;24;;;10004;1;10005;24;;;10000.0;452.0
-1;73700;RAINFOREST_RESIN;9995;24;;;;;10005;24;;;;;10000.0;452.0
-1;73700;KELP;2014;24;;;;;2017;24;;;;;2015.5;-202.0625
-1;73800;RAINFOREST_RESIN;9995;24;;;;;10005;24;;;;;10000.0;452.0
-1;73800;KELP;2014;24;;;;;2016;5;2018;24;;;2015.0;-185.890625
-1;73900;KELP;2015;27;;;;;2018;30;;;;;2016.5;-155.390625
-1;73900;RAINFOREST_RESIN;9995;30;;;;;10005;30;;;;;10000.0;452.0
-1;74000;KELP;2015;26;;;;;2017;3;2018;26;;;2016.0;-173.5
-1;74000;RAINFOREST_RESIN;10002;1;9998;10;9996;2;10004;2;10005;24;;;10003.0;452.0
-1;74100;RAINFOREST_RESIN;10000;6;9996;2;9995;30;10004;2;10005;30;;;10002.0;454.0
-1;74100;KELP;2016;6;2015;32;;;2018;32;;;;;2017.0;-173.109375
-1;74200;RAINFOREST_RESIN;9996;2;9995;20;;;10002;6;10004;2;10005;20;9999.0;454.0
-1;74200;KELP;2015;22;;;;;2018;22;;;;;2016.5;-169.84375
-1;74300;KELP;2015;5;2014;32;;;2018;32;;;;;2016.5;-192.0859375
-1;74300;RAINFOREST_RESIN;9996;2;9995;30;;;10002;6;10004;2;10005;30;9999.0;454.0
-1;74400;KELP;2015;30;;;;;2018;30;;;;;2016.5;-170.1796875
-1;74400;RAINFOREST_RESIN;9995;30;;;;;10005;30;;;;;10000.0;454.0
-1;74500;RAINFOREST_RESIN;10000;3;9995;29;;;10005;29;;;;;10002.5;454.0
-1;74500;KELP;2016;3;2014;29;;;2018;29;;;;;2017.0;-179.78125
-1;74600;RAINFOREST_RESIN;10002;1;9998;7;9995;29;10005;29;;;;;10003.5;454.0
-1;74600;KELP;2014;29;;;;;2018;29;;;;;2016.0;-182.390625
-1;74700;KELP;2014;32;;;;;2018;32;;;;;2016.0;-188.6484375
-1;74700;RAINFOREST_RESIN;9996;2;9995;30;;;10004;2;10005;30;;;10000.0;456.0
-1;74800;KELP;2014;26;;;;;2018;26;;;;;2016.0;-185.6640625
-1;74800;RAINFOREST_RESIN;9998;9;9996;1;9995;25;10004;1;10005;25;;;10001.0;456.0
-1;74900;RAINFOREST_RESIN;10002;1;9996;1;9995;30;10004;1;10005;30;;;10003.0;456.0
-1;74900;KELP;2015;31;;;;;2018;31;;;;;2016.5;-177.6640625
-1;75000;RAINFOREST_RESIN;9995;27;;;;;9998;1;10005;27;;;9996.5;458.0
-1;75000;KELP;2016;1;2014;27;;;2017;27;;;;;2016.5;-205.640625
