day;timestamp;product;bid_price_1;bid_volume_1;bid_price_2;bid_volume_2;bid_price_3;bid_volume_3;ask_price_1;ask_volume_1;ask_price_2;ask_volume_2;ask_price_3;ask_volume_3;mid_price;profit_and_loss
1;0;SQUID_INK;1834;23;;;;;1838;23;;;;;1836.0;0.0
1;0;RAINFOREST_RESIN;9998;9;9995;23;;;10005;23;;;;;10001.5;0.0
1;0;KELP;2032;23;;;;;2035;23;;;;;2033.5;0.0
1;100;KELP;2034;1;2033;2;2032;22;2035;22;;;;;2034.5;0.0
1;100;SQUID_INK;1837;1;1836;2;1835;22;1839;22;;;;;1838.0;0.0
1;100;RAINFOREST_RESIN;10002;1;10000;2;9998;4;10004;1;10005;21;;;10003.0;0.0
1;200;RAINFOREST_RESIN;9996;1;9995;21;;;10004;1;10005;21;;;10000.0;0.0
1;200;KELP;2032;22;;;;;2035;22;;;;;2033.5;0.0
1;200;SQUID_INK;1832;22;;;;;1835;22;;;;;1833.5;0.0
1;300;KELP;2034;1;2032;26;;;2035;26;;;;;2034.5;0.0
1;300;SQUID_INK;1836;1;1834;26;;;1837;26;;;;;1836.5;8.11328125
1;300;RAINFOREST_RESIN;9995;26;;;;;10005;26;;;;;10000.0;0.0
1;400;SQUID_INK;1833;28;;;;;1836;28;;;;;1834.5;-15.37109375
1;400;RAINFOREST_RESIN;9998;8;9996;2;9995;26;10004;2;10005;26;;;10001.0;0.0
1;400;KELP;2032;28;;;;;2035;28;;;;;2033.5;0.0
1;500;KELP;2032;24;;;;;2034;3;2035;24;;;2033.0;0.0
1;500;SQUID_INK;1834;24;;;;;1836;3;1837;24;;;1835.0;7.625
1;500;RAINFOREST_RESIN;9998;8;9996;1;9995;23;10004;1;10005;23;;;10001.0;0.0
1;600;RAINFOREST_RESIN;9996;2;9995;28;;;10004;2;10005;28;;;10000.0;0.0
1;600;KELP;2033;5;2032;30;;;2035;30;;;;;2034.0;0.0
1;600;SQUID_INK;1834;5;1832;30;;;1835;30;;;;;1834.5;-30.5
1;700;KELP;2032;22;;;;;2035;23;;;;;2033.5;0.0
1;700;SQUID_INK;1834;22;;;;;1837;1;1838;22;;;1835.5;20.07421875
1;700;RAINFOREST_RESIN;9996;1;9995;22;;;10004;1;10005;22;;;10000.0;0.0
1;800;SQUID_INK;1836;25;;;;;1837;3;1839;25;;;1836.5;53.08203125
1;800;RAINFOREST_RESIN;9996;1;9995;24;;;10000;3;10004;1;10005;24;9998.0;0.0
1;800;KELP;2032;25;;;;;2033;3;2035;25;;;2032.5;0.0
1;900;SQUID_INK;1840;21;;;;;1843;21;;;;;1841.5;5.080078125
1;900;KELP;2031;21;;;;;2035;21;;;;;2033.0;0.162109375
1;900;RAINFOREST_RESIN;9996;1;9995;20;;;9998;11;10004;1;10005;20;9997.0;0.0
1;1000;RAINFOREST_RESIN;9996;1;9995;30;;;10004;1;10005;30;;;10000.0;22.0
1;1000;KELP;2032;31;;;;;2035;31;;;;;2033.5;0.740234375
1;1000;SQUID_INK;1841;31;;;;;1844;31;;;;;1842.5;-41.41015625
1;1100;SQUID_INK;1840;22;;;;;1843;22;;;;;1841.5;-45.4765625
1;1100;KELP;2032;22;;;;;2035;22;;;;;2033.5;0.6806640625
1;1100;RAINFOREST_RESIN;9996;1;9995;21;;;10002;6;10004;1;10005;21;9999.0;22.0
1;1200;SQUID_INK;1839;22;;;;;1842;23;;;;;1840.5;4.265625
1;1200;RAINFOREST_RESIN;9996;1;9995;22;;;10004;1;10005;22;;;10000.0;22.0
1;1200;KELP;2031;23;;;;;2032;1;2035;23;;;2031.5;0.34423828125
1;1300;SQUID_INK;1840;25;;;;;1843;25;;;;;1841.5;-36.171875
1;1300;KELP;2031;25;;;;;2035;25;;;;;2033.0;1.70361328125
1;1300;RAINFOREST_RESIN;10002;1;9995;25;;;10005;25;;;;;10003.5;22.0
1;1400;RAINFOREST_RESIN;9995;23;;;;;10000;6;10005;23;;;9997.5;24.0
1;1400;KELP;2031;23;;;;;2033;6;2035;23;;;2032.0;1.66650390625
1;1400;SQUID_INK;1841;23;;;;;1842;6;1844;23;;;1841.5;-85.046875
1;1500;SQUID_INK;1844;1;1842;21;;;1845;21;;;;;1844.5;-141.953125
1;1500;KELP;2034;1;2032;1;2031;20;2035;21;;;;;2034.5;1.8662109375
1;1500;RAINFOREST_RESIN;9996;1;9995;20;;;9998;4;10004;1;10005;20;9997.0;24.0
1;1600;SQUID_INK;1844;2;1843;28;;;1847;30;;;;;1845.5;-219.09375
1;1600;RAINFOREST_RESIN;9996;2;9995;28;;;10004;2;10005;28;;;10000.0;32.0
1;1600;KELP;2032;30;;;;;2035;30;;;;;2033.5;2.921875
1;1700;SQUID_INK;1841;28;;;;;1843;8;1844;28;;;1842.0;-97.046875
1;1700;KELP;2032;28;;;;;2034;8;2035;28;;;2033.0;2.98193359375
1;1700;RAINFOREST_RESIN;9995;28;;;;;10005;28;;;;;10000.0;32.0
1;1800;RAINFOREST_RESIN;10000;4;9995;23;;;10002;10;10005;23;;;10001.0;32.0
1;1800;KELP;2033;4;2032;23;;;2035;23;;;;;2034.0;2.67724609375
1;1800;SQUID_INK;1843;4;1841;23;;;1845;23;;;;;1844.0;-118.28125
1;1900;KELP;2032;31;;;;;2035;32;;;;;2033.5;2.8271484375
1;1900;SQUID_INK;1844;32;;;;;1845;1;1847;2;1848;30;1844.5;-261.4140625
1;1900;RAINFOREST_RESIN;9996;2;9995;30;;;10004;2;10005;30;;;10000.0;32.0
1;2000;KELP;2032;23;;;;;2035;23;;;;;2033.5;2.89013671875
1;2000;SQUID_INK;1846;23;;;;;1849;23;;;;;1847.5;-355.1328125
1;2000;RAINFOREST_RESIN;9996;2;9995;21;;;10004;2;10005;21;;;10000.0;32.0
1;2100;SQUID_INK;1845;28;;;;;1847;5;1848;2;1849;26;1846.0;-311.5625
1;2100;RAINFOREST_RESIN;9996;2;9995;26;;;10004;2;10005;26;;;10000.0;32.0
1;2100;KELP;2032;2;2031;26;;;2034;5;2035;28;;;2033.0;2.61572265625
1;2200;RAINFOREST_RESIN;9996;1;9995;20;;;9998;4;10004;1;10005;20;9997.0;32.0
1;2200;KELP;2032;25;;;;;2035;21;;;;;2033.5;2.7080078125
1;2200;SQUID_INK;1846;25;;;;;1849;21;;;;;1847.5;-345.9140625
1;2300;KELP;2032;7;2031;22;;;2035;24;;;;;2033.5;2.6494140625
1;2300;SQUID_INK;1848;7;1847;22;;;1851;24;;;;;1849.5;-417.0625
1;2300;RAINFOREST_RESIN;9996;2;9995;22;;;10004;2;10005;22;;;10000.0;40.0
1;2400;KELP;2031;22;;;;;2035;22;;;;;2033.0;2.345703125
1;2400;SQUID_INK;1846;22;;;;;1849;22;;;;;1847.5;-344.953125
1;2400;RAINFOREST_RESIN;9996;2;9995;20;;;10004;2;10005;20;;;10000.0;40.0
1;2500;SQUID_INK;1847;2;1846;21;;;1850;23;;;;;1848.5;-368.953125
1;2500;RAINFOREST_RESIN;9998;3;9996;2;9995;21;10004;2;10005;21;;;10001.0;40.0
1;2500;KELP;2032;2;2031;21;;;2035;23;;;;;2033.5;2.58837890625
1;2600;RAINFOREST_RESIN;10002;1;9996;1;9995;29;10004;1;10005;29;;;10003.0;40.0
1;2600;KELP;2032;1;2031;29;;;2035;30;;;;;2033.5;2.37646484375
1;2600;SQUID_INK;1849;30;;;;;1852;30;;;;;1850.5;-481.8125
1;2700;KELP;2032;9;2031;21;;;2035;23;;;;;2033.5;2.6240234375
1;2700;SQUID_INK;1848;30;;;;;1851;23;;;;;1849.5;-437.3125
1;2700;RAINFOREST_RESIN;9998;7;9996;2;9995;21;10004;2;10005;21;;;10001.0;42.0
1;2800;KELP;2031;27;;;;;2035;27;;;;;2033.0;2.35009765625
1;2800;SQUID_INK;1849;27;;;;;1852;27;;;;;1850.5;-486.5234375
1;2800;RAINFOREST_RESIN;9995;27;;;;;10005;27;;;;;10000.0;42.0
1;2900;SQUID_INK;1848;22;;;;;1851;22;;;;;1849.5;-450.953125
1;2900;RAINFOREST_RESIN;9996;2;9995;20;;;10004;2;10005;20;;;10000.0;42.0
1;2900;KELP;2031;22;;;;;2035;22;;;;;2033.0;2.31982421875
1;3000;RAINFOREST_RESIN;9996;1;9995;29;;;10004;1;10005;29;;;10000.0;42.0
1;3000;KELP;2034;1;2032;6;2031;29;2035;30;;;;;2034.5;2.501953125
1;3000;SQUID_INK;1850;1;1848;35;;;1851;30;;;;;1850.5;-432.890625
1;3100;KELP;2032;28;;;;;2035;28;;;;;2033.5;3.615966796875
1;3100;SQUID_INK;1848;28;;;;;1851;28;;;;;1849.5;-446.5078125
1;3100;RAINFOREST_RESIN;9998;5;9996;1;9995;27;10004;1;10005;27;;;10001.0;42.0
1;3200;KELP;2032;24;;;;;2033;5;2035;24;;;2032.5;3.615478515625
1;3200;SQUID_INK;1848;24;;;;;1849;5;1851;24;;;1848.5;-455.265625
1;3200;RAINFOREST_RESIN;10002;2;9995;24;;;10005;24;;;;;10003.5;42.0
1;3300;SQUID_INK;1849;25;;;;;1852;25;;;;;1850.5;-493.109375
1;3300;RAINFOREST_RESIN;10002;1;9996;1;9995;24;10004;1;10005;24;;;10003.0;46.0
1;3300;KELP;2032;25;;;;;2035;25;;;;;2033.5;5.154296875
1;3400;RAINFOREST_RESIN;9998;10;9996;2;9995;27;10004;2;10005;27;;;10001.0;48.0
1;3400;KELP;2032;29;;;;;2035;29;;;;;2033.5;8.0634765625
1;3400;SQUID_INK;1849;2;1848;27;;;1852;29;;;;;1850.5;-460.6171875
1;3500;KELP;2032;26;;;;;2035;26;;;;;2033.5;7.3759765625
1;3500;SQUID_INK;1850;26;;;;;1853;26;;;;;1851.5;-513.3125
1;3500;RAINFOREST_RESIN;9995;26;;;;;10002;10;10005;26;;;9998.5;48.0
1;3600;KELP;2032;27;;;;;2035;27;;;;;2033.5;7.0888671875
1;3600;SQUID_INK;1850;27;;;;;1853;27;;;;;1851.5;-521.6640625
1;3600;RAINFOREST_RESIN;9995;27;;;;;10002;8;10005;27;;;9998.5;48.0
1;3700;SQUID_INK;1851;25;;;;;1854;25;;;;;1852.5;-558.890625
1;3700;RAINFOREST_RESIN;9998;3;9995;25;;;10005;25;;;;;10001.5;48.0
1;3700;KELP;2032;25;;;;;2035;25;;;;;2033.5;7.5849609375
1;3800;RAINFOREST_RESIN;9995;24;;;;;10005;24;;;;;10000.0;48.0
1;3800;KELP;2032;24;;;;;2034;7;2035;24;;;2033.0;8.0087890625
1;3800;SQUID_INK;1853;24;;;;;1854;7;1856;24;;;1853.5;-648.328125
1;3900;KELP;2032;27;;;;;2035;26;;;;;2033.5;7.65625
1;3900;SQUID_INK;1852;27;;;;;1855;26;;;;;1853.5;-605.71875
1;3900;RAINFOREST_RESIN;9996;2;9995;24;;;10004;2;10005;24;;;10000.0;48.0
1;4000;KELP;2032;30;;;;;2035;31;;;;;2033.5;8.150390625
1;4000;SQUID_INK;1854;30;;;;;1857;31;;;;;1855.5;-716.515625
1;4000;RAINFOREST_RESIN;10002;1;9996;1;9995;30;10004;1;10005;30;;;10003.0;48.0
1;4100;RAINFOREST_RESIN;10000;5;9996;2;9995;22;10002;4;10004;2;10005;22;10001.0;50.0
1;4100;SQUID_INK;1855;5;1854;2;1853;22;1857;24;;;;;1856.0;-695.734375
1;4100;KELP;2033;5;2032;24;;;2035;24;;;;;2034.0;7.0205078125
1;4200;RAINFOREST_RESIN;10002;5;9996;1;9995;28;10004;1;10005;28;;;10003.0;50.0
1;4200;KELP;2032;29;;;;;2034;7;2035;29;;;2033.0;6.376953125
1;4200;SQUID_INK;1854;29;;;;;1856;7;1857;29;;;1855.0;-718.2890625
1;4300;KELP;2032;24;;;;;2035;26;;;;;2033.5;6.587890625
1;4300;RAINFOREST_RESIN;9995;26;;;;;10002;8;10005;26;;;9998.5;60.0
1;4300;SQUID_INK;1854;24;;;;;1857;26;;;;;1855.5;-708.0859375
1;4400;KELP;2032;28;;;;;2035;28;;;;;2033.5;6.7998046875
1;4400;SQUID_INK;1853;28;;;;;1856;28;;;;;1854.5;-665.328125
1;4400;RAINFOREST_RESIN;9995;28;;;;;10005;28;;;;;10000.0;60.0
1;4500;RAINFOREST_RESIN;9995;26;;;;;10005;26;;;;;10000.0;60.0
1;4500;SQUID_INK;1853;26;;;;;1854;8;1856;26;;;1853.5;-651.375
1;4500;KELP;2032;26;;;;;2034;8;2035;26;;;2033.0;6.73046875
1;4600;RAINFOREST_RESIN;9995;21;;;;;10005;21;;;;;10000.0;60.0
1;4600;KELP;2032;21;;;;;2034;3;2035;21;;;2033.0;6.8818359375
1;4600;SQUID_INK;1857;21;;;;;1858;3;1860;21;;;1857.5;-820.953125
1;4700;KELP;2032;26;;;;;2035;26;;;;;2033.5;7.16796875
1;4700;RAINFOREST_RESIN;9998;5;9995;26;;;10005;26;;;;;10001.5;60.0
1;4700;SQUID_INK;1855;26;;;;;1858;26;;;;;1856.5;-731.0
1;4800;KELP;2034;1;2032;30;;;2035;23;;;;;2034.5;7.09765625
1;4800;SQUID_INK;1861;1;1860;7;1859;23;1863;23;;;;;1862.0;-968.8359375
1;4800;RAINFOREST_RESIN;9996;1;9995;22;;;10004;1;10005;22;;;10000.0;60.0
1;4900;RAINFOREST_RESIN;9996;2;9995;22;;;10004;2;10005;22;;;10000.0;60.0
1;4900;SQUID_INK;1857;24;;;;;1859;6;1860;2;1861;22;1858.0;-865.015625
1;4900;KELP;2032;24;;;;;2034;6;2035;24;;;2033.0;7.693359375
1;5000;RAINFOREST_RESIN;9998;9;9996;1;9995;30;10004;1;10005;30;;;10001.0;60.0
1;5000;KELP;2032;36;;;;;2035;31;;;;;2033.5;7.69140625
1;5000;SQUID_INK;1860;6;1859;30;;;1863;31;;;;;1861.5;-971.3828125
1;5100;KELP;2032;26;;;;;2035;26;;;;;2033.5;7.689453125
1;5100;RAINFOREST_RESIN;9995;26;;;;;10005;26;;;;;10000.0;60.0
1;5100;SQUID_INK;1859;26;;;;;1862;26;;;;;1860.5;-935.3046875
1;5200;SQUID_INK;1859;11;1858;25;;;1861;25;;;;;1860.0;-912.2421875
1;5200;KELP;2033;5;2032;31;;;2035;25;;;;;2034.0;7.689453125
1;5200;RAINFOREST_RESIN;10000;5;9998;7;9996;2;10004;2;10005;23;;;10002.0;60.0
1;5300;RAINFOREST_RESIN;9995;22;;;;;9998;12;10005;22;;;9996.5;60.0
1;5300;SQUID_INK;1857;22;;;;;1860;22;;;;;1858.5;-839.1328125
1;5300;KELP;2032;22;;;;;2035;22;;;;;2033.5;7.7529296875
1;5400;RAINFOREST_RESIN;9995;30;;;;;10005;30;;;;;10000.0;84.0
1;5400;SQUID_INK;1857;30;;;;;1860;30;;;;;1858.5;-832.53125
1;5400;KELP;2032;30;;;;;2035;30;;;;;2033.5;7.998046875
1;5500;KELP;2032;21;;;;;2035;29;;;;;2033.5;7.443359375
1;5500;RAINFOREST_RESIN;9996;1;9995;28;;;10004;1;10005;28;;;10000.0;84.0
1;5500;SQUID_INK;1858;29;;;;;1859;8;1862;29;;;1858.5;-919.96875
1;5600;SQUID_INK;1859;25;;;;;1862;25;;;;;1860.5;-927.0703125
1;5600;KELP;2032;25;;;;;2035;25;;;;;2033.5;7.6279296875
1;5600;RAINFOREST_RESIN;9998;2;9996;2;9995;23;10004;2;10005;23;;;10001.0;84.0
1;5700;RAINFOREST_RESIN;9996;1;9995;30;;;10004;1;10005;30;;;10000.0;84.0
1;5700;SQUID_INK;1859;4;1858;30;;;1862;31;;;;;1860.5;-913.3359375
1;5700;KELP;2032;34;;;;;2035;31;;;;;2033.5;8.05078125
1;5800;RAINFOREST_RESIN;9996;2;9995;28;;;10004;2;10005;28;;;10000.0;84.0
1;5800;SQUID_INK;1858;30;;;;;1861;30;;;;;1859.5;-905.203125
1;5800;KELP;2032;30;;;;;2035;30;;;;;2033.5;7.8642578125
1;5900;KELP;2032;23;;;;;2035;23;;;;;2033.5;7.98828125
1;5900;RAINFOREST_RESIN;9996;2;9995;21;;;10004;2;10005;21;;;10000.0;84.0
1;5900;SQUID_INK;1857;23;;;;;1860;23;;;;;1858.5;-860.3984375
1;6000;SQUID_INK;1859;30;;;;;1862;30;;;;;1860.5;-921.109375
1;6000;KELP;2032;30;;;;;2035;30;;;;;2033.5;8.3515625
1;6000;RAINFOREST_RESIN;9995;30;;;;;10002;10;10005;30;;;9998.5;84.0
1;6100;RAINFOREST_RESIN;9996;1;9995;24;;;10004;1;10005;24;;;10000.0;84.0
1;6100;SQUID_INK;1859;25;;;;;1862;25;;;;;1860.5;-918.6328125
1;6100;KELP;2032;25;;;;;2035;25;;;;;2033.5;7.0126953125
1;6200;RAINFOREST_RESIN;9998;3;9996;1;9995;29;10004;1;10005;29;;;10001.0;84.0
1;6200;SQUID_INK;1861;1;1859;30;;;1862;30;;;;;1861.5;-937.2421875
1;6200;KELP;2034;1;2032;30;;;2035;30;;;;;2034.5;7.744140625
1;6300;KELP;2032;22;;;;;2035;22;;;;;2033.5;8.322265625
1;6300;RAINFOREST_RESIN;9995;22;;;;;10005;22;;;;;10000.0;84.0
1;6300;SQUID_INK;1859;22;;;;;1862;22;;;;;1860.5;-939.9296875
1;6400;SQUID_INK;1858;24;;;;;1862;24;;;;;1860.0;-910.78125
1;6400;KELP;2032;24;;;;;2035;24;;;;;2033.5;8.21875
1;6400;RAINFOREST_RESIN;9996;1;9995;23;;;10002;6;10004;1;10005;23;9999.0;84.0
1;6500;RAINFOREST_RESIN;9995;22;;;;;10005;22;;;;;10000.0;84.0
1;6500;SQUID_INK;1859;22;;;;;1862;22;;;;;1860.5;-946.2109375
1;6500;KELP;2032;22;;;;;2035;22;;;;;2033.5;8.21875
1;6600;RAINFOREST_RESIN;9996;2;9995;27;;;10004;2;10005;27;;;10000.0;84.0
1;6600;SQUID_INK;1860;22;;;;;1863;29;;;;;1861.5;-977.5703125
1;6600;KELP;2032;22;;;;;2035;29;;;;;2033.5;8.7734375
1;6700;KELP;2032;31;;;;;2034;7;2035;1;2036;30;2033.0;8.98828125
1;6700;RAINFOREST_RESIN;9996;1;9995;30;;;10004;1;10005;30;;;10000.0;84.0
1;6700;SQUID_INK;1859;31;;;;;1861;7;1862;31;;;1860.0;-940.078125
1;6800;SQUID_INK;1860;4;1859;31;;;1862;2;1863;29;;;1861.0;-949.546875
1;6800;KELP;2033;4;2032;31;;;2035;31;;;;;2034.0;8.5810546875
1;6800;RAINFOREST_RESIN;10000;5;9996;2;9995;29;10004;2;10005;29;;;10002.0;84.0
1;6900;RAINFOREST_RESIN;9996;2;9995;27;;;10004;2;10005;27;;;10000.0;84.0
1;6900;SQUID_INK;1860;29;;;;;1862;3;1863;29;;;1861.0;-970.578125
1;6900;KELP;2032;29;;;;;2034;3;2035;29;;;2033.0;8.6240234375
1;7000;RAINFOREST_RESIN;9996;1;9995;30;;;10004;1;10005;30;;;10000.0;84.0
1;7000;SQUID_INK;1860;7;1859;31;;;1863;31;;;;;1861.5;-953.8359375
1;7000;KELP;2032;38;;;;;2035;31;;;;;2033.5;8.62109375
1;7100;KELP;2032;31;;;;;2035;31;;;;;2033.5;8.763671875
1;7100;RAINFOREST_RESIN;9996;1;9995;30;;;9998;5;10002;7;10004;1;9997.0;84.0
1;7100;SQUID_INK;1860;31;;;;;1863;31;;;;;1861.5;-981.6015625
1;7200;SQUID_INK;1859;29;;;;;1862;23;;;;;1860.5;-917.4375
1;7200;KELP;2032;29;;;;;2035;23;;;;;2033.5;8.607421875
1;7200;RAINFOREST_RESIN;9996;1;9995;22;;;10002;1;10004;1;10005;22;9999.0;94.0
1;7300;RAINFOREST_RESIN;9996;1;9995;25;;;10004;1;10005;25;;;10000.0;94.0
1;7300;SQUID_INK;1858;26;;;;;1861;26;;;;;1859.5;-900.6328125
1;7300;KELP;2032;26;;;;;2035;26;;;;;2033.5;8.8583984375
1;7400;RAINFOREST_RESIN;10002;1;9995;22;;;10005;22;;;;;10003.5;94.0
1;7400;SQUID_INK;1859;22;;;;;1862;22;;;;;1860.5;-920.09375
1;7400;KELP;2032;22;;;;;2035;22;;;;;2033.5;8.654296875
1;7500;KELP;2032;29;;;;;2034;3;2035;29;;;2033.0;8.302734375
1;7500;RAINFOREST_RESIN;9995;29;;;;;10005;29;;;;;10000.0;96.0
1;7500;SQUID_INK;1858;29;;;;;1860;3;1862;29;;;1859.0;-907.390625
1;7600;SQUID_INK;1859;27;;;;;1862;27;;;;;1860.5;-925.171875
1;7600;KELP;2032;27;;;;;2035;27;;;;;2033.5;8.5546875
1;7600;RAINFOREST_RESIN;10002;1;9995;27;;;10005;27;;;;;10003.5;96.0
1;7700;RAINFOREST_RESIN;9996;1;9995;25;;;10002;5;10004;1;10005;25;9999.0;98.0
1;7700;SQUID_INK;1858;26;;;;;1861;1;1862;25;;;1859.5;-907.890625
1;7700;KELP;2032;26;;;;;2035;26;;;;;2033.5;8.5537109375
1;7800;RAINFOREST_RESIN;9995;23;;;;;10005;23;;;;;10000.0;98.0
1;7800;SQUID_INK;1859;1;1858;23;;;1861;23;;;;;1860.0;-905.9921875
1;7800;KELP;2032;24;;;;;2035;23;;;;;2033.5;8.650390625
1;7900;KELP;2032;24;;;;;2035;24;;;;;2033.5;8.44921875
1;7900;RAINFOREST_RESIN;9996;2;9995;22;;;10002;7;10004;2;10005;22;9999.0;98.0
1;7900;SQUID_INK;1858;2;1857;22;;;1861;24;;;;;1859.5;-872.1640625
1;8000;SQUID_INK;1858;1;1857;3;1856;30;1859;30;;;;;1858.5;-800.2578125
1;8000;KELP;2034;1;2033;3;2032;30;2035;30;;;;;2034.5;8.6708984375
1;8000;RAINFOREST_RESIN;10000;3;9996;2;9995;28;10004;2;10005;28;;;10002.0;98.0
1;8100;SQUID_INK;1858;25;;;;;1861;25;;;;;1859.5;-874.494140625
1;8100;KELP;2032;25;;;;;2035;25;;;;;2033.5;8.32177734375
1;8100;RAINFOREST_RESIN;9995;25;;;;;10005;25;;;;;10000.0;98.0
1;8200;SQUID_INK;1857;27;;;;;1860;27;;;;;1858.5;-869.1484375
1;8200;RAINFOREST_RESIN;9996;2;9995;25;;;10004;2;10005;25;;;10000.0;98.0
1;8200;KELP;2032;27;;;;;2035;27;;;;;2033.5;8.283203125
1;8300;KELP;2032;28;;;;;2035;28;;;;;2033.5;8.607421875
1;8300;RAINFOREST_RESIN;9998;9;9995;28;;;10005;28;;;;;10001.5;98.0
1;8300;SQUID_INK;1857;28;;;;;1860;28;;;;;1858.5;-862.501953125
1;8400;SQUID_INK;1857;29;;;;;1860;29;;;;;1858.5;-862.275390625
1;8400;RAINFOREST_RESIN;9998;5;9995;29;;;10005;29;;;;;10001.5;98.0
1;8400;KELP;2032;29;;;;;2035;29;;;;;2033.5;9.009765625
1;8500;SQUID_INK;1858;35;;;;;1861;27;;;;;1859.5;-872.41796875
1;8500;KELP;2032;35;;;;;2035;27;;;;;2033.5;9.087890625
1;8500;RAINFOREST_RESIN;9996;2;9995;25;;;10004;2;10005;25;;;10000.0;98.0
1;8600;SQUID_INK;1857;29;;;;;1860;29;;;;;1858.5;-868.818359375
1;8600;RAINFOREST_RESIN;9996;2;9995;27;;;10004;2;10005;27;;;10000.0;98.0
1;8600;KELP;2032;29;;;;;2035;29;;;;;2033.5;9.04833984375
1;8700;KELP;2034;1;2032;32;;;2035;24;;;;;2034.5;9.04833984375
1;8700;SQUID_INK;1858;1;1857;8;1856;24;1859;2;1860;22;;;1858.5;-860.71875
1;8700;RAINFOREST_RESIN;9996;2;9995;22;;;10004;2;10005;22;;;10000.0;98.0
1;8800;RAINFOREST_RESIN;9996;1;9995;30;;;10004;1;10005;30;;;10000.0;98.0
1;8800;KELP;2032;31;;;;;2035;1;2036;30;;;2033.5;9.4697265625
1;8800;SQUID_INK;1857;31;;;;;1860;31;;;;;1858.5;-866.01953125
1;8900;KELP;2032;28;;;;;2036;26;;;;;2034.0;9.43896484375
1;8900;SQUID_INK;1856;28;;;;;1859;26;;;;;1857.5;-857.37109375
1;8900;RAINFOREST_RESIN;9995;26;;;;;10005;26;;;;;10000.0;98.0
1;9000;SQUID_INK;1856;23;;;;;1859;23;;;;;1857.5;-858.94140625
1;9000;RAINFOREST_RESIN;9995;23;;;;;10005;23;;;;;10000.0;98.0
1;9000;KELP;2032;23;;;;;2036;23;;;;;2034.0;9.5009765625
1;9100;KELP;2033;5;2032;22;;;2036;22;;;;;2034.5;9.6767578125
1;9100;SQUID_INK;1855;27;;;;;1858;22;;;;;1856.5;-845.873046875
1;9100;RAINFOREST_RESIN;9995;22;;;;;9998;1;10005;22;;;9996.5;98.0
1;9200;RAINFOREST_RESIN;9996;2;9995;25;;;10004;2;10005;25;;;10000.0;100.0
1;9200;KELP;2033;3;2032;27;;;2036;27;;;;;2034.5;9.6533203125
1;9200;SQUID_INK;1855;30;;;;;1858;27;;;;;1856.5;-847.7890625
1;9300;KELP;2032;30;;;;;2036;30;;;;;2034.0;9.9248046875
1;9300;SQUID_INK;1854;30;;;;;1857;30;;;;;1855.5;-835.6484375
1;9300;RAINFOREST_RESIN;10002;11;9998;1;9996;1;10004;1;10005;29;;;10003.0;100.0
1;9400;SQUID_INK;1855;33;;;;;1858;30;;;;;1856.5;-844.97265625
1;9400;RAINFOREST_RESIN;10002;1;9996;2;9995;28;10004;2;10005;28;;;10003.0;122.0
1;9400;KELP;2033;3;2032;30;;;2036;30;;;;;2034.5;9.9541015625
1;9500;KELP;2032;26;;;;;2036;26;;;;;2034.0;9.97802734375
1;9500;SQUID_INK;1853;26;;;;;1856;26;;;;;1854.5;-827.404296875
1;9500;RAINFOREST_RESIN;10002;1;9996;2;9995;24;10004;2;10005;24;;;10003.0;124.0
1;9600;RAINFOREST_RESIN;9996;1;9995;20;;;10002;6;10004;1;10005;20;9999.0;126.0
1;9600;KELP;2032;21;;;;;2036;21;;;;;2034.0;9.82763671875
1;9600;SQUID_INK;1855;21;;;;;1858;21;;;;;1856.5;-845.14453125
1;9700;SQUID_INK;1855;31;;;;;1856;5;1857;5;1858;31;1855.5;-847.0625
1;9700;KELP;2032;31;;;;;2034;10;2036;31;;;2033.0;10.12744140625
1;9700;RAINFOREST_RESIN;9996;1;9995;30;;;10000;4;10004;1;10005;30;9998.0;126.0
1;9800;SQUID_INK;1855;26;;;;;1858;26;;;;;1856.5;-847.009765625
1;9800;RAINFOREST_RESIN;9998;1;9996;2;9995;24;10004;2;10005;24;;;10001.0;126.0
1;9800;KELP;2032;26;;;;;2036;26;;;;;2034.0;10.033203125
1;9900;SQUID_INK;1858;24;;;;;1861;24;;;;;1859.5;-877.765625
1;9900;KELP;2032;24;;;;;2036;24;;;;;2034.0;10.18994140625
1;9900;RAINFOREST_RESIN;9995;24;;;;;10005;24;;;;;10000.0;126.0
1;10000;RAINFOREST_RESIN;9995;27;;;;;10005;27;;;;;10000.0;126.0
1;10000;KELP;2032;27;;;;;2036;27;;;;;2034.0;10.61962890625
1;10000;SQUID_INK;1856;27;;;;;1859;27;;;;;1857.5;-852.41796875
1;10100;SQUID_INK;1857;21;;;;;1859;5;1860;21;;;1858.0;-884.03515625
1;10100;KELP;2033;21;;;;;2035;5;2036;21;;;2034.0;10.83984375
1;10100;RAINFOREST_RESIN;10002;4;9996;1;9995;20;10004;1;10005;20;;;10003.0;126.0
1;10200;SQUID_INK;1857;20;;;;;1860;20;;;;;1858.5;-887.7109375
1;10200;RAINFOREST_RESIN;9995;20;;;;;10005;20;;;;;10000.0;134.0
1;10200;KELP;2033;20;;;;;2036;20;;;;;2034.5;10.6689453125
1;10300;SQUID_INK;1858;30;;;;;1861;25;;;;;1859.5;-901.85546875
1;10300;KELP;2033;30;;;;;2036;25;;;;;2034.5;10.78857421875
1;10300;RAINFOREST_RESIN;9996;1;9995;24;;;10004;1;10005;24;;;10000.0;134.0
1;10400;RAINFOREST_RESIN;9995;25;;;;;10005;25;;;;;10000.0;134.0
1;10400;KELP;2033;25;;;;;2036;25;;;;;2034.5;11.033203125
1;10400;SQUID_INK;1856;25;;;;;1859;25;;;;;1857.5;-856.61328125
1;10500;SQUID_INK;1856;34;;;;;1859;26;;;;;1857.5;-849.45703125
1;10500;KELP;2033;34;;;;;2036;26;;;;;2034.5;10.974609375
1;10500;RAINFOREST_RESIN;9995;26;;;;;10005;26;;;;;10000.0;134.0
1;10600;SQUID_INK;1858;3;1856;20;;;1859;20;;;;;1858.5;-850.3359375
1;10600;RAINFOREST_RESIN;9995;20;;;;;10005;20;;;;;10000.0;134.0
1;10600;KELP;2035;3;2033;20;;;2036;20;;;;;2035.5;11.005859375
1;10700;SQUID_INK;1857;31;;;;;1860;24;;;;;1858.5;-874.09765625
1;10700;KELP;2033;31;;;;;2036;24;;;;;2034.5;13.0
1;10700;RAINFOREST_RESIN;9995;24;;;;;9998;3;10005;24;;;9996.5;134.0
1;10800;RAINFOREST_RESIN;9995;23;;;;;10002;1;10005;23;;;9998.5;140.0
1;10800;KELP;2033;29;;;;;2036;23;;;;;2034.5;13.0
1;10800;SQUID_INK;1857;6;1856;23;;;1859;23;;;;;1858.0;-854.359375
1;10900;KELP;2033;23;;;;;2034;6;2036;23;;;2033.5;13.0
1;10900;SQUID_INK;1860;1;1859;22;;;1861;6;1863;23;;;1860.5;-964.5390625
1;10900;RAINFOREST_RESIN;9996;1;9995;22;;;10000;6;10004;1;10005;22;9998.0;140.0
1;11000;KELP;2033;27;;;;;2035;2;2036;27;;;2034.0;14.771484375
1;11000;SQUID_INK;1864;1;1863;26;;;1865;2;1867;27;;;1864.5;-1107.828125
1;11000;RAINFOREST_RESIN;9996;1;9995;26;;;10004;1;10005;26;;;10000.0;140.0
1;11100;SQUID_INK;1864;32;;;;;1867;31;;;;;1865.5;-1116.578125
1;11100;RAINFOREST_RESIN;9996;1;9995;30;;;10002;1;10004;1;10005;30;9999.0;140.0
1;11100;KELP;2033;2;2032;30;;;2036;31;;;;;2034.5;14.2294921875
1;11200;RAINFOREST_RESIN;9996;2;9995;28;;;10004;2;10005;28;;;10000.0;140.0
1;11200;KELP;2032;30;;;;;2034;5;2036;30;;;2033.0;13.6875
1;11200;SQUID_INK;1863;30;;;;;1865;5;1866;30;;;1864.0;-1111.40625
1;11300;KELP;2033;2;2032;25;;;2036;27;;;;;2034.5;13.8095703125
1;11300;SQUID_INK;1862;27;;;;;1865;27;;;;;1863.5;-1025.6015625
1;11300;RAINFOREST_RESIN;9996;2;9995;25;;;10002;2;10004;2;10005;25;9999.0;140.0
1;11400;KELP;2032;30;;;;;2036;30;;;;;2034.0;14.29296875
1;11400;SQUID_INK;1858;30;;;;;1861;30;;;;;1859.5;-840.2109375
1;11400;RAINFOREST_RESIN;9995;30;;;;;10005;30;;;;;10000.0;140.0
1;11500;SQUID_INK;1856;29;;;;;1858;5;1860;29;;;1857.0;-859.3359375
1;11500;RAINFOREST_RESIN;9996;1;9995;28;;;10004;1;10005;28;;;10000.0;140.0
1;11500;KELP;2033;29;;;;;2035;5;2036;29;;;2034.0;14.408203125
1;11600;RAINFOREST_RESIN;9996;2;9995;22;;;10004;2;10005;22;;;10000.0;140.0
1;11600;KELP;2033;2;2032;22;;;2035;7;2036;24;;;2034.0;14.1640625
1;11600;SQUID_INK;1858;24;;;;;1860;7;1861;24;;;1859.0;-885.2109375
1;11700;KELP;2034;4;2033;2;2032;20;2036;22;;;;;2035.0;14.1025390625
1;11700;SQUID_INK;1858;4;1857;22;;;1860;22;;;;;1859.0;-875.0439453125
1;11700;RAINFOREST_RESIN;10000;4;9996;2;9995;20;10004;2;10005;20;;;10002.0;140.0
1;11800;KELP;2033;1;2032;21;;;2036;22;;;;;2034.5;13.857421875
1;11800;SQUID_INK;1857;22;;;;;1860;22;;;;;1858.5;-879.720703125
1;11800;RAINFOREST_RESIN;9998;10;9996;1;9995;21;10004;1;10005;21;;;10001.0;140.0
1;11900;SQUID_INK;1857;4;1856;23;;;1859;23;;;;;1858.0;-871.23828125
1;11900;RAINFOREST_RESIN;10002;1;10000;4;9998;1;10004;1;10005;22;;;10003.0;140.0
1;11900;KELP;2034;4;2032;23;;;2036;23;;;;;2035.0;13.4365234375
1;12000;RAINFOREST_RESIN;9996;1;9995;27;;;10004;1;10005;27;;;10000.0;142.0
1;12000;KELP;2033;1;2032;27;;;2036;28;;;;;2034.5;13.9814453125
1;12000;SQUID_INK;1855;28;;;;;1858;28;;;;;1856.5;-858.8916015625
1;12100;KELP;2032;25;;;;;2036;25;;;;;2034.0;13.619140625
1;12100;SQUID_INK;1853;25;;;;;1856;25;;;;;1854.5;-942.5859375
1;12100;RAINFOREST_RESIN;9996;2;9995;23;;;9998;8;10004;2;10005;23;9997.0;142.0
1;12200;KELP;2032;25;;;;;2036;25;;;;;2034.0;13.1376953125
1;12200;SQUID_INK;1855;25;;;;;1859;25;;;;;1857.0;-867.5625
1;12200;RAINFOREST_RESIN;9996;2;9995;23;;;10004;2;10005;23;;;10000.0;158.0
1;12300;SQUID_INK;1856;29;;;;;1859;25;;;;;1857.5;-841.5
1;12300;RAINFOREST_RESIN;9996;1;9995;24;;;10002;3;10004;1;10005;24;9999.0;158.0
1;12300;KELP;2032;29;;;;;2035;25;;;;;2033.5;11.673828125
1;12400;RAINFOREST_RESIN;10002;1;9998;5;9995;29;10005;29;;;;;10003.5;158.0
1;12400;KELP;2032;29;;;;;2036;29;;;;;2034.0;12.84765625
1;12400;SQUID_INK;1857;29;;;;;1860;29;;;;;1858.5;-785.7890625
1;12500;KELP;2033;3;2032;23;;;2035;1;2036;22;;;2034.0;11.8837890625
1;12500;SQUID_INK;1858;3;1857;23;;;1860;23;;;;;1859.0;-842.25
1;12500;RAINFOREST_RESIN;10000;3;9996;1;9995;22;10004;1;10005;22;;;10002.0;160.0
1;12600;KELP;2033;4;2032;26;;;2036;26;;;;;2034.5;12.669921875
1;12600;SQUID_INK;1859;4;1858;26;;;1861;26;;;;;1860.0;-831.76171875
1;12600;RAINFOREST_RESIN;10000;4;9995;26;;;10005;26;;;;;10002.5;160.0
1;12700;SQUID_INK;1856;28;;;;;1859;28;;;;;1857.5;-852.859375
1;12700;RAINFOREST_RESIN;10002;1;9996;1;9995;27;10004;1;10005;27;;;10003.0;160.0
1;12700;KELP;2032;28;;;;;2035;28;;;;;2033.5;11.646484375
1;12800;RAINFOREST_RESIN;10000;4;9996;2;9995;28;10002;9;10004;2;10005;28;10001.0;160.0
1;12800;KELP;2033;4;2032;30;;;2035;2;2036;28;;;2034.0;11.763671875
1;12800;SQUID_INK;1854;4;1853;30;;;1856;30;;;;;1855.0;-880.119140625
1;12900;KELP;2032;23;;;;;2034;2;2035;2;2036;21;2033.0;11.7041015625
1;12900;SQUID_INK;1853;23;;;;;1855;2;1856;23;;;1854.0;-926.453125
1;12900;RAINFOREST_RESIN;9996;2;9995;21;;;10002;4;10004;2;10005;21;9999.0;142.0
1;13000;KELP;2032;32;;;;;2035;32;;;;;2033.5;11.64453125
1;13000;SQUID_INK;1851;32;;;;;1854;2;1855;30;;;1852.5;-990.0859375
1;13000;RAINFOREST_RESIN;9996;2;9995;30;;;10002;2;10004;2;10005;30;9999.0;142.0
1;13100;RAINFOREST_RESIN;9995;21;;;;;10000;2;10005;21;;;9997.5;142.0
1;13100;SQUID_INK;1851;21;;;;;1852;2;1854;21;;;1851.5;-1003.515625
1;13100;KELP;2032;21;;;;;2033;2;2036;21;;;2032.5;11.69921875
1;13200;RAINFOREST_RESIN;9998;9;9996;2;9995;29;10004;2;10005;29;;;10001.0;142.0
1;13200;KELP;2034;1;2032;38;;;2035;2;2036;29;;;2034.5;13.265625
1;13200;SQUID_INK;1852;1;1850;38;;;1853;31;;;;;1852.5;-1061.5859375
1;13300;KELP;2032;23;;;;;2035;1;2036;22;;;2033.5;13.8408203125
1;13300;RAINFOREST_RESIN;10002;2;9996;1;9995;22;10004;1;10005;22;;;10003.0;142.0
1;13300;SQUID_INK;1851;23;;;;;1854;23;;;;;1852.5;-1012.4140625
1;13400;KELP;2032;26;;;;;2035;26;;;;;2033.5;13.33984375
1;13400;SQUID_INK;1852;26;;;;;1855;26;;;;;1853.5;-975.5625
1;13400;RAINFOREST_RESIN;9995;26;;;;;10005;26;;;;;10000.0;146.0
1;13500;RAINFOREST_RESIN;9996;1;9995;24;;;10004;1;10005;24;;;10000.0;146.0
1;13500;SQUID_INK;1853;25;;;;;1856;25;;;;;1854.5;-923.546875
1;13500;KELP;2032;25;;;;;2035;25;;;;;2033.5;13.1982421875
1;13600;RAINFOREST_RESIN;9996;2;9995;24;;;10002;6;10004;2;10005;24;9999.0;146.0
1;13600;KELP;2032;26;;;;;2034;3;2035;26;;;2033.0;13.1279296875
1;13600;SQUID_INK;1849;26;;;;;1851;3;1852;26;;;1850.0;-1044.9921875
1;13700;KELP;2032;28;;;;;2035;28;;;;;2033.5;13.0546875
1;13700;RAINFOREST_RESIN;10002;1;9995;28;;;10005;28;;;;;10003.5;146.0
1;13700;SQUID_INK;1847;28;;;;;1850;28;;;;;1848.5;-1117.890625
1;13800;KELP;2032;23;;;;;2035;23;;;;;2033.5;12.9765625
1;13800;SQUID_INK;1846;23;;;;;1850;23;;;;;1848.0;-1170.3203125
1;13800;RAINFOREST_RESIN;9998;1;9995;23;;;10005;23;;;;;10001.5;148.0
1;13900;RAINFOREST_RESIN;9996;1;9995;20;;;10004;1;10005;20;;;10000.0;148.0
1;13900;SQUID_INK;1849;18;;;;;1852;21;;;;;1850.5;-1056.4375
1;13900;KELP;2032;21;;;;;2033;3;2035;21;;;2032.5;12.6904296875
1;14000;RAINFOREST_RESIN;10002;6;9998;1;9996;1;10004;1;10005;28;;;10003.0;148.0
1;14000;KELP;2032;31;;;;;2035;29;;;;;2033.5;15.2109375
1;14000;SQUID_INK;1852;3;1851;28;;;1855;29;;;;;1853.5;-910.421875
1;14100;KELP;2032;22;;;;;2035;22;;;;;2033.5;14.8984375
1;14100;RAINFOREST_RESIN;9996;2;9995;20;;;10002;4;10004;2;10005;20;9999.0;160.0
1;14100;SQUID_INK;1851;22;;;;;1854;22;;;;;1852.5;-951.140625
1;14200;SQUID_INK;1852;21;;;;;1855;21;;;;;1853.5;-950.203125
1;14200;KELP;2032;21;;;;;2035;21;;;;;2033.5;15.1015625
1;14200;RAINFOREST_RESIN;9995;21;;;;;10005;21;;;;;10000.0;160.0
1;14300;RAINFOREST_RESIN;9996;1;9995;21;;;10004;1;10005;21;;;10000.0;160.0
1;14300;SQUID_INK;1849;22;;;;;1852;22;;;;;1850.5;-993.5703125
1;14300;KELP;2032;22;;;;;2035;1;2036;21;;;2033.5;16.216796875
1;14400;RAINFOREST_RESIN;10002;4;9996;2;9995;21;10004;2;10005;21;;;10003.0;160.0
1;14400;SQUID_INK;1853;22;;;;;1856;23;;;;;1854.5;-927.23828125
1;14400;KELP;2032;22;;;;;2036;23;;;;;2034.0;16.8359375
1;14500;KELP;2032;29;;;;;2034;6;2035;1;2036;28;2033.0;16.12890625
1;14500;RAINFOREST_RESIN;9996;1;9995;28;;;10002;10;10004;1;10005;28;9999.0;168.0
1;14500;SQUID_INK;1852;1;1851;28;;;1853;6;1855;29;;;1852.5;-960.90234375
1;14600;SQUID_INK;1848;28;;;;;1849;3;1851;28;;;1848.5;-973.76220703125
1;14600;KELP;2032;28;;;;;2033;3;2035;1;2036;27;2032.5;16.529296875
1;14600;RAINFOREST_RESIN;9996;1;9995;27;;;10004;1;10005;27;;;10000.0;168.0
1;14700;RAINFOREST_RESIN;9996;1;9995;23;;;10004;1;10005;23;;;10000.0;168.0
1;14700;SQUID_INK;1850;24;;;;;1852;2;1853;24;;;1851.0;-958.4833984375
1;14700;KELP;2032;24;;;;;2034;2;2035;1;2036;23;2033.0;19.353515625
1;14800;RAINFOREST_RESIN;9996;1;9995;30;;;9998;1;10004;1;10005;30;9997.0;168.0
1;14800;SQUID_INK;1849;31;;;;;1851;3;1852;1;1853;30;1850.0;-963.728515625
1;14800;KELP;2032;31;;;;;2034;3;2036;31;;;2033.0;19.482421875
1;14900;KELP;2034;4;2032;26;;;2035;1;2036;25;;;2034.5;18.419921875
1;14900;RAINFOREST_RESIN;9996;1;9995;25;;;10002;1;10004;1;10005;25;9999.0;170.0
1;14900;SQUID_INK;1853;4;1851;26;;;1854;26;;;;;1853.5;-945.74609375
1;15000;SQUID_INK;1849;6;1848;25;;;1852;27;;;;;1850.5;-960.57421875
1;15000;KELP;2033;4;2032;27;;;2035;2;2036;25;;;2034.0;19.853515625
1;15000;RAINFOREST_RESIN;9996;2;9995;25;;;10004;2;10005;25;;;10000.0;170.0
1;15100;RAINFOREST_RESIN;9996;1;9995;20;;;9998;1;10004;1;10005;20;9997.0;170.0
1;15100;SQUID_INK;1850;21;;;;;1853;21;;;;;1851.5;-952.9208984375
1;15100;KELP;2032;21;;;;;2035;1;2036;20;;;2033.5;19.66796875
1;15200;RAINFOREST_RESIN;10000;4;9996;2;9995;21;10002;4;10004;2;10005;21;10001.0;172.0
1;15200;SQUID_INK;1849;4;1848;27;;;1851;23;;;;;1850.0;-964.2919921875
1;15200;KELP;2033;8;2032;23;;;2035;2;2036;21;;;2034.0;19.75390625
1;15300;KELP;2032;24;;;;;2034;6;2035;2;2036;22;2033.0;19.84375
1;15300;RAINFOREST_RESIN;9996;2;9995;22;;;10002;7;10004;2;10005;22;9999.0;172.0
1;15300;SQUID_INK;1850;24;;;;;1852;6;1853;24;;;1851.0;-945.31640625
1;15400;SQUID_INK;1847;30;;;;;1850;30;;;;;1848.5;-1022.87890625
1;15400;KELP;2032;30;;;;;2036;30;;;;;2034.0;19.29296875
1;15400;RAINFOREST_RESIN;9995;30;;;;;10005;30;;;;;10000.0;172.0
1;15500;RAINFOREST_RESIN;9995;25;;;;;9998;11;10005;25;;;9996.5;172.0
1;15500;SQUID_INK;1850;25;;;;;1853;25;;;;;1851.5;-927.625
1;15500;KELP;2032;25;;;;;2036;25;;;;;2034.0;20.201171875
1;15600;RAINFOREST_RESIN;9996;1;9995;22;;;10004;1;10005;22;;;10000.0;194.0
1;15600;SQUID_INK;1846;23;;;;;1849;23;;;;;1847.5;-1094.828125
1;15600;KELP;2032;23;;;;;2036;23;;;;;2034.0;22.0234375
1;15700;KELP;2033;2;2032;28;;;2034;1;2036;30;;;2033.5;22.19921875
1;15700;RAINFOREST_RESIN;9996;2;9995;28;;;10004;2;10005;28;;;10000.0;194.0
1;15700;SQUID_INK;1847;30;;;;;1849;1;1850;30;;;1848.0;-1063.6484375
1;15800;SQUID_INK;1851;32;;;;;1854;28;;;;;1852.5;-849.9453125
1;15800;KELP;2033;6;2032;26;;;2036;28;;;;;2034.5;22.103515625
1;15800;RAINFOREST_RESIN;9998;6;9996;2;9995;26;10004;2;10005;26;;;10001.0;194.0
1;15900;RAINFOREST_RESIN;9996;1;9995;20;;;10002;8;10004;1;10005;20;9999.0;194.0
1;15900;SQUID_INK;1853;21;;;;;1854;3;1856;21;;;1853.5;-866.40625
1;15900;KELP;2032;21;;;;;2033;3;2036;21;;;2032.5;21.646484375
1;16000;RAINFOREST_RESIN;9996;2;9995;20;;;10004;2;10005;20;;;10000.0;194.0
1;16000;SQUID_INK;1856;22;;;;;1858;4;1859;22;;;1857.0;-912.2626953125
1;16000;KELP;2032;22;;;;;2034;4;2036;22;;;2033.0;24.748046875
1;16100;KELP;2032;26;;;;;2033;1;2034;8;2036;27;2032.5;26.1015625
1;16100;RAINFOREST_RESIN;9996;1;9995;26;;;10004;1;10005;26;;;10000.0;194.0
1;16100;SQUID_INK;1856;27;;;;;1857;2;1858;8;1859;27;1856.5;-951.046875
1;16200;SQUID_INK;1853;26;;;;;1856;27;;;;;1854.5;-837.65625
1;16200;KELP;2032;26;;;;;2036;27;;;;;2034.0;23.580078125
1;16200;RAINFOREST_RESIN;9995;27;;;;;10002;4;10005;27;;;9998.5;194.0
1;16300;RAINFOREST_RESIN;9996;1;9995;21;;;10004;1;10005;21;;;10000.0;194.0
1;16300;SQUID_INK;1850;22;;;;;1853;1;1854;21;;;1851.5;-704.4375
1;16300;KELP;2032;22;;;;;2035;22;;;;;2033.5;21.7265625
1;16400;RAINFOREST_RESIN;9996;2;9995;25;;;10002;6;10004;2;10005;25;9999.0;194.0
1;16400;SQUID_INK;1848;27;;;;;1850;7;1851;27;;;1849.0;-593.078125
1;16400;KELP;2032;27;;;;;2034;7;2036;27;;;2033.0;24.125
1;16500;KELP;2032;22;;;;;2035;1;2036;22;;;2033.5;27.53515625
1;16500;RAINFOREST_RESIN;9995;22;;;;;10005;22;;;;;10000.0;194.0
1;16500;SQUID_INK;1848;22;;;;;1849;1;1851;22;;;1848.5;-575.109375
1;16600;SQUID_INK;1848;7;1847;26;;;1850;26;;;;;1849.0;-559.5546875
1;16600;KELP;2033;7;2032;26;;;2036;26;;;;;2034.5;26.890625
1;16600;RAINFOREST_RESIN;9995;26;;;;;10005;26;;;;;10000.0;194.0
1;16700;RAINFOREST_RESIN;10002;1;9998;2;9995;25;10005;25;;;;;10003.5;194.0
1;16700;SQUID_INK;1842;25;;;;;1845;25;;;;;1843.5;-514.208984375
1;16700;KELP;2032;25;;;;;2036;25;;;;;2034.0;27.419921875
1;16800;RAINFOREST_RESIN;10000;2;9996;2;9995;25;10004;2;10005;25;;;10002.0;196.0
1;16800;SQUID_INK;1838;2;1837;27;;;1840;27;;;;;1839.0;-600.51953125
1;16800;KELP;2034;2;2033;27;;;2036;27;;;;;2035.0;28.208984375
1;16900;KELP;2033;2;2032;22;;;2036;24;;;;;2034.5;27.822265625
1;16900;RAINFOREST_RESIN;9996;2;9995;22;;;10004;2;10005;22;;;10000.0;196.0
1;16900;SQUID_INK;1842;24;;;;;1845;24;;;;;1843.5;-452.5859375
1;17000;SQUID_INK;1843;1;1842;26;;;1845;26;;;;;1844.0;-441.6015625
1;17000;RAINFOREST_RESIN;9996;1;9995;25;;;10004;1;10005;25;;;10000.0;196.0
1;17000;KELP;2033;2;2032;25;;;2036;26;;;;;2034.5;27.814453125
1;17100;SQUID_INK;1849;27;;;;;1852;1;1853;26;;;1850.5;-179.3828125
1;17100;KELP;2033;1;2032;26;;;2036;27;;;;;2034.5;27.55078125
1;17100;RAINFOREST_RESIN;9996;1;9995;26;;;10004;1;10005;26;;;10000.0;196.0
1;17200;SQUID_INK;1848;33;;;;;1851;28;;;;;1849.5;-247.83203125
1;17200;RAINFOREST_RESIN;9996;1;9995;27;;;10004;1;10005;27;;;10000.0;196.0
1;17200;KELP;2033;33;;;;;2036;28;;;;;2034.5;28.205078125
1;17300;KELP;2033;28;;;;;2035;6;2036;28;;;2034.0;28.330078125
1;17300;RAINFOREST_RESIN;9996;1;9995;27;;;10004;1;10005;27;;;10000.0;196.0
1;17300;SQUID_INK;1848;28;;;;;1850;6;1851;28;;;1849.0;-304.0
1;17400;RAINFOREST_RESIN;9995;25;;;;;9998;11;10005;25;;;9996.5;196.0
1;17400;KELP;2034;3;2033;27;;;2036;25;;;;;2035.0;28.845703125
1;17400;SQUID_INK;1849;3;1848;2;1847;25;1851;25;;;;;1850.0;-311.484375
1;17500;KELP;2033;28;;;;;2036;28;;;;;2034.5;28.56640625
1;17500;SQUID_INK;1848;28;;;;;1851;28;;;;;1849.5;-333.171875
1;17500;RAINFOREST_RESIN;9996;2;9995;26;;;10004;2;10005;26;;;10000.0;218.0
1;17600;SQUID_INK;1849;3;1848;30;;;1851;30;;;;;1850.0;-349.03125
1;17600;RAINFOREST_RESIN;9996;1;9995;29;;;10004;1;10005;29;;;10000.0;218.0
1;17600;KELP;2033;33;;;;;2036;30;;;;;2034.5;28.576171875
1;17700;KELP;2033;22;;;;;2036;22;;;;;2034.5;28.572265625
1;17700;SQUID_INK;1847;22;;;;;1850;22;;;;;1848.5;-274.1796875
1;17700;RAINFOREST_RESIN;9998;2;9995;22;;;10005;22;;;;;10001.5;218.0
1;17800;RAINFOREST_RESIN;9996;2;9995;30;;;9998;3;10002;5;10004;2;9997.0;218.0
1;17800;KELP;2033;32;;;;;2035;5;2036;32;;;2034.0;29.1015625
1;17800;SQUID_INK;1848;32;;;;;1850;5;1851;32;;;1849.0;-334.4921875
1;17900;KELP;2035;1;2034;2;2033;21;2036;21;;;;;2035.5;28.966796875
1;17900;SQUID_INK;1849;1;1848;2;1847;21;1850;21;;;;;1849.5;-272.203125
1;17900;RAINFOREST_RESIN;9995;21;;;;;9998;1;10002;3;10005;21;9996.5;224.0
1;18000;SQUID_INK;1848;24;;;;;1852;24;;;;;1850.0;-362.03125
1;18000;RAINFOREST_RESIN;9995;24;;;;;10005;24;;;;;10000.0;226.0
1;18000;KELP;2033;24;;;;;2036;24;;;;;2034.5;29.916015625
1;18100;KELP;2033;30;;;;;2036;30;;;;;2034.5;30.291015625
1;18100;SQUID_INK;1842;30;;;;;1845;30;;;;;1843.5;-37.5625
1;18100;RAINFOREST_RESIN;9996;2;9995;28;;;10004;2;10005;28;;;10000.0;226.0
1;18200;RAINFOREST_RESIN;9996;2;9995;23;;;10002;10;10004;2;10005;23;9999.0;226.0
1;18200;KELP;2033;25;;;;;2036;25;;;;;2034.5;29.9296875
1;18200;SQUID_INK;1840;25;;;;;1843;25;;;;;1841.5;-36.5546875
1;18300;KELP;2033;20;;;;;2036;20;;;;;2034.5;30.775390625
1;18300;SQUID_INK;1839;20;;;;;1842;20;;;;;1840.5;-81.78515625
1;18300;RAINFOREST_RESIN;9995;20;;;;;10005;20;;;;;10000.0;226.0
1;18400;SQUID_INK;1840;1;1839;1;1838;21;1842;22;;;;;1841.0;-124.203125
1;18400;RAINFOREST_RESIN;9996;1;9995;21;;;10004;1;10005;21;;;10000.0;226.0
1;18400;KELP;2035;1;2033;22;;;2036;22;;;;;2035.5;30.923828125
1;18500;SQUID_INK;1840;22;;;;;1843;23;;;;;1841.5;-115.8515625
1;18500;KELP;2033;22;;;;;2036;23;;;;;2034.5;32.3203125
1;18500;RAINFOREST_RESIN;9996;2;9995;21;;;10004;2;10005;21;;;10000.0;226.0
1;18600;RAINFOREST_RESIN;9996;1;9995;21;;;10004;1;10005;21;;;10000.0;226.0
1;18600;KELP;2033;13;;;;;2036;22;;;;;2034.5;33.259765625
1;18600;SQUID_INK;1836;21;;;;;1837;8;1840;22;;;1836.5;-259.9765625
1;18700;SQUID_INK;1838;30;;;;;1841;30;;;;;1839.5;-172.90625
1;18700;KELP;2033;30;;;;;2036;30;;;;;2034.5;33.361328125
1;18700;RAINFOREST_RESIN;10002;1;9995;30;;;10005;30;;;;;10003.5;226.0
1;18800;SQUID_INK;1836;24;;;;;1840;24;;;;;1838.0;-261.46875
1;18800;RAINFOREST_RESIN;9995;24;;;;;10002;7;10005;24;;;9998.5;228.0
1;18800;KELP;2033;24;;;;;2036;24;;;;;2034.5;32.095703125
1;18900;SQUID_INK;1830;32;;;;;1833;25;;;;;1831.5;-601.796875
1;18900;KELP;2033;32;;;;;2036;25;;;;;2034.5;33.013671875
1;18900;RAINFOREST_RESIN;10002;1;9995;25;;;10005;25;;;;;10003.5;228.0
1;19000;RAINFOREST_RESIN;9996;1;9995;30;;;10004;1;10005;30;;;10000.0;230.0
1;19000;KELP;2033;31;;;;;2036;31;;;;;2034.5;34.15625
1;19000;SQUID_INK;1828;31;;;;;1831;31;;;;;1829.5;-674.8125
1;19100;SQUID_INK;1821;23;;;;;1824;23;;;;;1822.5;-1018.5625
1;19100;KELP;2033;23;;;;;2036;23;;;;;2034.5;33.51953125
1;19100;RAINFOREST_RESIN;9996;2;9995;21;;;10004;2;10005;21;;;10000.0;230.0
1;19200;SQUID_INK;1823;26;;;;;1826;26;;;;;1824.5;-945.046875
1;19200;RAINFOREST_RESIN;9995;26;;;;;10002;1;10005;26;;;9998.5;230.0
1;19200;KELP;2033;26;;;;;2036;26;;;;;2034.5;33.298828125
1;19300;SQUID_INK;1825;25;;;;;1828;25;;;;;1826.5;-816.7109375
1;19300;KELP;2033;25;;;;;2036;25;;;;;2034.5;33.625
1;19300;RAINFOREST_RESIN;9996;2;9995;23;;;9998;6;10004;2;10005;23;9997.0;230.0
1;19400;RAINFOREST_RESIN;9996;2;9995;24;;;10002;5;10004;2;10005;24;9999.0;242.0
1;19400;KELP;2033;26;;;;;2036;26;;;;;2034.5;32.40234375
1;19400;SQUID_INK;1829;26;;;;;1832;26;;;;;1830.5;-636.7421875
1;19500;SQUID_INK;1828;23;;;;;1832;23;;;;;1830.0;-686.515625
1;19500;KELP;2033;23;;;;;2036;23;;;;;2034.5;32.734375
1;19500;RAINFOREST_RESIN;9995;23;;;;;10005;23;;;;;10000.0;242.0
1;19600;SQUID_INK;1828;27;;;;;1831;27;;;;;1829.5;-733.66796875
1;19600;RAINFOREST_RESIN;10002;1;9998;5;9996;1;10004;1;10005;26;;;10003.0;242.0
1;19600;KELP;2033;27;;;;;2036;27;;;;;2034.5;31.92578125
1;19700;SQUID_INK;1826;31;;;;;1829;31;;;;;1827.5;-735.4034423828125
1;19700;RAINFOREST_RESIN;9996;2;9995;29;;;10004;2;10005;29;;;10000.0;244.0
1;19700;KELP;2033;31;;;;;2036;31;;;;;2034.5;30.69921875
1;19800;RAINFOREST_RESIN;9996;2;9995;26;;;10004;2;10005;26;;;10000.0;244.0
1;19800;KELP;2033;28;;;;;2036;28;;;;;2034.5;31.359375
1;19800;SQUID_INK;1825;28;;;;;1828;28;;;;;1826.5;-736.4295654296875
1;19900;KELP;2033;23;;;;;2036;23;;;;;2034.5;31.802734375
1;19900;SQUID_INK;1826;23;;;;;1829;1;1830;22;;;1827.5;-735.76953125
1;19900;RAINFOREST_RESIN;9996;1;9995;22;;;9998;1;10004;1;10005;22;9997.0;244.0
1;20000;KELP;2033;26;;;;;2035;4;2036;26;;;2034.0;31.80078125
1;20000;SQUID_INK;1831;26;;;;;1833;4;1834;26;;;1832.0;-609.9296875
1;20000;RAINFOREST_RESIN;9995;26;;;;;9998;1;10005;26;;;9996.5;246.0
1;20100;SQUID_INK;1832;30;;;;;1834;4;1835;30;;;1833.0;-639.83544921875
1;20100;RAINFOREST_RESIN;9996;1;9995;29;;;9998;4;10004;1;10005;29;9997.0;248.0
1;20100;KELP;2033;30;;;;;2035;4;2036;30;;;2034.0;31.25
1;20200;RAINFOREST_RESIN;10002;1;9995;20;;;10005;20;;;;;10003.5;256.0
1;20200;KELP;2033;20;;;;;2036;20;;;;;2034.5;31.80078125
1;20200;SQUID_INK;1833;20;;;;;1837;20;;;;;1835.0;-725.2890625
1;20300;KELP;2033;24;;;;;2036;24;;;;;2034.5;31.126953125
1;20300;SQUID_INK;1833;24;;;;;1836;24;;;;;1834.5;-747.34375
1;20300;RAINFOREST_RESIN;10002;4;9995;24;;;10005;24;;;;;10003.5;258.0
1;20400;KELP;2033;25;;;;;2036;28;;;;;2034.5;30.1171875
1;20400;SQUID_INK;1830;28;;;;;1831;3;1833;28;;;1830.5;-602.015625
1;20400;RAINFOREST_RESIN;10002;2;9996;1;9995;27;10004;1;10005;27;;;10003.0;266.0
1;20500;SQUID_INK;1833;18;;;;;1836;26;;;;;1834.5;-732.890625
1;20500;RAINFOREST_RESIN;9998;7;9996;1;9995;25;10004;1;10005;25;;;10001.0;270.0
1;20500;KELP;2033;18;;;;;2036;26;;;;;2034.5;30.56640625
1;20600;RAINFOREST_RESIN;9996;1;9995;24;;;9998;4;10002;5;10004;1;9997.0;270.0
1;20600;KELP;2033;25;;;;;2036;25;;;;;2034.5;30.1171875
1;20600;SQUID_INK;1833;25;;;;;1836;25;;;;;1834.5;-732.65625
1;20700;KELP;2034;2;2033;33;;;2036;30;;;;;2035.0;29.998046875
1;20700;SQUID_INK;1837;2;1835;33;;;1838;30;;;;;1837.5;-837.6953125
1;20700;RAINFOREST_RESIN;9995;30;;;;;10005;30;;;;;10000.0;278.0
1;20800;KELP;2033;26;;;;;2036;26;;;;;2034.5;31.333984375
1;20800;SQUID_INK;1839;26;;;;;1842;26;;;;;1840.5;-1030.9375
1;20800;RAINFOREST_RESIN;9996;2;9995;24;;;10004;2;10005;24;;;10000.0;278.0
1;20900;SQUID_INK;1837;31;;;;;1838;1;1840;2;1841;29;1837.5;-948.5859375
1;20900;RAINFOREST_RESIN;9996;2;9995;29;;;10004;2;10005;29;;;10000.0;278.0
1;20900;KELP;2033;30;;;;;2036;31;;;;;2034.5;31.66796875
1;21000;RAINFOREST_RESIN;9996;1;9995;25;;;10004;1;10005;25;;;10000.0;278.0
1;21000;KELP;2033;26;;;;;2036;26;;;;;2034.5;32.451171875
1;21000;SQUID_INK;1835;26;;;;;1838;26;;;;;1836.5;-833.671875
1;21100;KELP;2033;28;;;;;2034;2;2036;28;;;2033.5;31.2265625
1;21100;SQUID_INK;1835;28;;;;;1836;2;1838;28;;;1835.5;-822.34375
1;21100;RAINFOREST_RESIN;9995;28;;;;;10000;2;10005;28;;;9997.5;278.0
1;21200;KELP;2035;1;2033;29;;;2036;29;;;;;2035.5;32.650390625
1;21200;SQUID_INK;1836;1;1834;29;;;1837;29;;;;;1836.5;-767.9609375
1;21200;RAINFOREST_RESIN;9995;29;;;;;9998;1;10005;29;;;9996.5;278.0
1;21300;SQUID_INK;1833;22;;;;;1835;2;1836;22;;;1834.0;-809.0
1;21300;RAINFOREST_RESIN;9995;22;;;;;10005;22;;;;;10000.0;280.0
1;21300;KELP;2033;22;;;;;2035;2;2036;22;;;2034.0;32.9765625
1;21400;RAINFOREST_RESIN;9996;1;9995;29;;;10004;1;10005;29;;;10000.0;280.0
1;21400;KELP;2033;30;;;;;2036;30;;;;;2034.5;31.39453125
1;21400;SQUID_INK;1835;30;;;;;1838;30;;;;;1836.5;-833.263671875
1;21500;KELP;2032;28;;;;;2033;5;2036;30;;;2032.5;30.29296875
1;21500;SQUID_INK;1838;28;;;;;1839;5;1842;30;;;1838.5;-897.984375
1;21500;RAINFOREST_RESIN;9996;2;9995;28;;;10004;2;10005;28;;;10000.0;280.0
1;21600;KELP;2033;2;2032;20;;;2036;22;;;;;2034.5;35.55859375
1;21600;SQUID_INK;1843;22;;;;;1846;2;1847;20;;;1844.5;-1176.1640625
1;21600;RAINFOREST_RESIN;9998;5;9996;2;9995;20;10004;2;10005;20;;;10001.0;280.0
1;21700;SQUID_INK;1844;4;1843;27;;;1846;27;;;;;1845.0;-1176.3203125
1;21700;RAINFOREST_RESIN;9996;2;9995;25;;;10004;2;10005;25;;;10000.0;280.0
1;21700;KELP;2033;6;2032;25;;;2036;27;;;;;2034.5;36.4375
1;21800;RAINFOREST_RESIN;9996;1;9995;25;;;10004;1;10005;25;;;10000.0;280.0
1;21800;KELP;2033;1;2032;25;;;2036;26;;;;;2034.5;35.5859375
1;21800;SQUID_INK;1844;26;;;;;1847;26;;;;;1845.5;-1212.8828125
1;21900;KELP;2032;27;;;;;2036;27;;;;;2034.0;36.4453125
1;21900;RAINFOREST_RESIN;9995;27;;;;;10002;3;10005;27;;;9998.5;280.0
1;21900;SQUID_INK;1845;27;;;;;1848;27;;;;;1846.5;-1254.640625
1;22000;KELP;2033;22;;;;;2036;22;;;;;2034.5;36.9765625
1;22000;SQUID_INK;1844;22;;;;;1847;22;;;;;1845.5;-1229.859375
1;22000;RAINFOREST_RESIN;9996;2;9995;20;;;10004;2;10005;20;;;10000.0;280.0
1;22100;RAINFOREST_RESIN;9995;22;;;;;10005;22;;;;;10000.0;280.0
1;22100;SQUID_INK;1848;22;;;;;1850;4;1852;22;;;1849.0;-1442.546875
1;22100;KELP;2032;22;;;;;2034;4;2036;22;;;2033.0;35.9453125
1;22200;RAINFOREST_RESIN;10002;1;9995;23;;;10005;23;;;;;10003.5;280.0
1;22200;KELP;2033;3;2032;23;;;2036;23;;;;;2034.5;36.84765625
1;22200;SQUID_INK;1849;26;;;;;1852;23;;;;;1850.5;-1452.1875
1;22300;KELP;2033;30;;;;;2036;30;;;;;2034.5;38.1328125
1;22300;RAINFOREST_RESIN;9996;2;9995;28;;;10004;2;10005;28;;;10000.0;282.0
1;22300;SQUID_INK;1848;30;;;;;1851;2;1852;28;;;1849.5;-1435.5859375
1;22400;KELP;2033;24;;;;;2036;24;;;;;2034.5;38.34375
1;22400;SQUID_INK;1846;24;;;;;1849;24;;;;;1847.5;-1296.3359375
1;22400;RAINFOREST_RESIN;9996;1;9995;23;;;10002;2;10004;1;10005;23;9999.0;282.0
1;22500;RAINFOREST_RESIN;9998;2;9995;27;;;10005;27;;;;;10001.5;282.0
1;22500;SQUID_INK;1849;1;1847;27;;;1851;27;;;;;1850.0;-1389.4921875
1;22500;KELP;2035;1;2032;27;;;2036;27;;;;;2035.5;37.08984375
1;22600;RAINFOREST_RESIN;9998;5;9996;1;9995;25;10004;1;10005;25;;;10001.0;282.0
1;22600;KELP;2035;1;2034;4;2033;30;2036;26;;;;;2035.5;38.6953125
1;22600;SQUID_INK;1851;1;1850;4;1849;30;1852;26;;;;;1851.5;-1443.6015625
1;22700;KELP;2033;26;;;;;2036;26;;;;;2034.5;39.45703125
1;22700;RAINFOREST_RESIN;9996;1;9995;25;;;10002;9;10004;1;10005;25;9999.0;282.0
1;22700;SQUID_INK;1849;26;;;;;1852;26;;;;;1850.5;-1470.75
1;22800;KELP;2033;27;;;;;2036;27;;;;;2034.5;39.8515625
1;22800;SQUID_INK;1847;27;;;;;1850;27;;;;;1848.5;-1355.9296875
1;22800;RAINFOREST_RESIN;10002;1;9996;1;9995;26;10004;1;10005;26;;;10003.0;282.0
1;22900;RAINFOREST_RESIN;10002;2;9996;1;9995;22;10004;1;10005;22;;;10003.0;284.0
1;22900;SQUID_INK;1845;23;;;;;1846;1;1847;4;1848;1;1845.5;-1286.0859375
1;22900;KELP;2033;22;;;;;2035;4;2036;23;;;2034.0;39.6640625
1;23000;RAINFOREST_RESIN;9996;1;9995;20;;;10002;2;10004;1;10005;20;9999.0;288.0
1;23000;SQUID_INK;1847;1;1845;21;;;1848;21;;;;;1847.5;-1276.859375
1;23000;KELP;2035;1;2033;21;;;2036;21;;;;;2035.5;39.47265625
1;23100;KELP;2033;35;;;;;2036;28;;;;;2034.5;41.50390625
1;23100;RAINFOREST_RESIN;9996;2;9995;26;;;10004;2;10005;26;;;10000.0;288.0
1;23100;SQUID_INK;1844;7;1843;28;;;1846;2;1847;26;;;1845.0;-1249.26953125
1;23200;SQUID_INK;1842;26;;;;;1845;25;;;;;1843.5;-1208.828125
1;23200;KELP;2033;26;;;;;2036;25;;;;;2034.5;40.41796875
1;23200;RAINFOREST_RESIN;9996;1;9995;24;;;10002;4;10004;1;10005;24;9999.0;288.0
1;23300;RAINFOREST_RESIN;9996;2;9995;21;;;10004;2;10005;21;;;10000.0;288.0
1;23300;SQUID_INK;1841;23;;;;;1844;23;;;;;1842.5;-1251.79638671875
1;23300;KELP;2033;23;;;;;2036;23;;;;;2034.5;41.3203125
1;23400;RAINFOREST_RESIN;9996;1;9995;29;;;10004;1;10005;29;;;10000.0;288.0
1;23400;SQUID_INK;1840;30;;;;;1843;1;1844;29;;;1841.5;-1297.484375
1;23400;KELP;2033;30;;;;;2036;30;;;;;2034.5;44.046875
1;23500;KELP;2033;34;;;;;2036;31;;;;;2034.5;43.87109375
1;23500;RAINFOREST_RESIN;9996;1;9995;30;;;10004;1;10005;30;;;10000.0;288.0
1;23500;SQUID_INK;1841;34;;;;;1844;31;;;;;1842.5;-1290.7265625
1;23600;SQUID_INK;1843;26;;;;;1846;2;1847;25;;;1844.5;-1230.859375
1;23600;KELP;2033;26;;;;;2036;27;;;;;2034.5;42.96484375
1;23600;RAINFOREST_RESIN;9996;2;9995;25;;;10004;2;10005;25;;;10000.0;288.0
1;23700;RAINFOREST_RESIN;9996;1;9995;20;;;10004;1;10005;20;;;10000.0;288.0
1;23700;SQUID_INK;1846;1;1844;21;;;1847;1;1848;20;;;1846.5;-1283.69140625
1;23700;KELP;2035;1;2033;21;;;2036;21;;;;;2035.5;42.62890625
1;23800;RAINFOREST_RESIN;9995;22;;;;;10005;22;;;;;10000.0;288.0
1;23800;SQUID_INK;1842;22;;;;;1846;22;;;;;1844.0;-1276.10595703125
1;23800;KELP;2033;22;;;;;2036;22;;;;;2034.5;43.09765625
1;23900;KELP;2033;27;;;;;2036;27;;;;;2034.5;43.265625
1;23900;RAINFOREST_RESIN;9995;27;;;;;10005;27;;;;;10000.0;288.0
1;23900;SQUID_INK;1843;27;;;;;1846;27;;;;;1844.5;-1279.50341796875
1;24000;SQUID_INK;1845;35;;;;;1848;29;;;;;1846.5;-1285.38525390625
1;24000;KELP;2033;35;;;;;2036;29;;;;;2034.5;43.08984375
1;24000;RAINFOREST_RESIN;9995;29;;;;;10005;29;;;;;10000.0;288.0
1;24100;RAINFOREST_RESIN;9996;2;9995;20;;;10004;2;10005;20;;;10000.0;288.0
1;24100;SQUID_INK;1841;2;1840;20;;;1844;22;;;;;1842.5;-1268.19580078125
1;24100;KELP;2033;22;;;;;2036;22;;;;;2034.5;42.06640625
1;24200;RAINFOREST_RESIN;9996;1;9995;23;;;10002;7;10004;1;10005;23;9999.0;288.0
1;24200;SQUID_INK;1849;1;1848;23;;;1850;8;1852;24;;;1849.5;-1167.390625
1;24200;KELP;2033;24;;;;;2035;8;2036;24;;;2034.0;42.0703125
1;24300;KELP;2033;26;;;;;2035;5;2036;27;;;2034.0;43.46484375
1;24300;RAINFOREST_RESIN;10002;1;9995;27;;;10005;27;;;;;10003.5;288.0
1;24300;SQUID_INK;1846;26;;;;;1848;5;1849;27;;;1847.0;-1213.724609375
1;24400;SQUID_INK;1845;37;;;;;1848;29;;;;;1846.5;-1230.5234375
1;24400;KELP;2033;37;;;;;2036;29;;;;;2034.5;43.65234375
1;24400;RAINFOREST_RESIN;9996;1;9995;28;;;10004;1;10005;28;;;10000.0;290.0
1;24500;RAINFOREST_RESIN;9996;2;9995;24;;;10002;10;10004;2;10005;24;9999.0;290.0
1;24500;SQUID_INK;1844;26;;;;;1847;26;;;;;1845.5;-1240.73828125
1;24500;KELP;2033;26;;;;;2036;26;;;;;2034.5;43.9921875
1;24600;RAINFOREST_RESIN;9996;2;9995;22;;;10002;10;10004;2;10005;22;9999.0;290.0
1;24600;SQUID_INK;1846;24;;;;;1849;24;;;;;1847.5;-1209.107421875
1;24600;KELP;2033;24;;;;;2036;24;;;;;2034.5;43.3046875
1;24700;KELP;2033;22;;;;;2036;22;;;;;2034.5;43.828125
1;24700;RAINFOREST_RESIN;9996;2;9995;20;;;10004;2;10005;20;;;10000.0;290.0
1;24700;SQUID_INK;1848;22;;;;;1851;22;;;;;1849.5;-1178.455078125
1;24800;SQUID_INK;1849;28;;;;;1852;28;;;;;1850.5;-1214.150390625
1;24800;KELP;2033;28;;;;;2036;28;;;;;2034.5;43.65234375
1;24800;RAINFOREST_RESIN;9995;28;;;;;10005;28;;;;;10000.0;290.0
1;24900;RAINFOREST_RESIN;9998;7;9995;24;;;10005;24;;;;;10001.5;290.0
1;24900;SQUID_INK;1848;24;;;;;1852;24;;;;;1850.0;-1242.0859375
1;24900;KELP;2033;24;;;;;2036;24;;;;;2034.5;45.01171875
1;25000;RAINFOREST_RESIN;10002;1;9996;1;9995;27;10004;1;10005;27;;;10003.0;290.0
1;25000;SQUID_INK;1852;28;;;;;1855;28;;;;;1853.5;-1354.40234375
1;25000;KELP;2033;28;;;;;2036;28;;;;;2034.5;45.7109375
1;25100;KELP;2033;27;;;;;2036;27;;;;;2034.5;47.30859375
1;25100;RAINFOREST_RESIN;9998;8;9996;1;9995;26;10004;1;10005;26;;;10001.0;292.0
1;25100;SQUID_INK;1850;27;;;;;1853;27;;;;;1851.5;-1268.1484375
1;25200;SQUID_INK;1851;32;;;;;1852;4;1854;26;;;1851.5;-1322.75
1;25200;KELP;2033;32;;;;;2034;4;2036;26;;;2033.5;49.03125
1;25200;RAINFOREST_RESIN;9996;2;9995;24;;;10000;4;10004;2;10005;24;9998.0;292.0
1;25300;RAINFOREST_RESIN;9998;9;9996;1;9995;21;10004;1;10005;21;;;10001.0;292.0
1;25300;SQUID_INK;1854;22;;;;;1857;22;;;;;1855.5;-1468.34375
1;25300;KELP;2033;22;;;;;2036;22;;;;;2034.5;51.9765625
1;25400;RAINFOREST_RESIN;10002;3;9996;2;9995;27;10004;2;10005;27;;;10003.0;292.0
1;25400;SQUID_INK;1852;29;;;;;1855;29;;;;;1853.5;-1386.5703125
1;25400;KELP;2033;29;;;;;2036;29;;;;;2034.5;47.9375
1;25500;KELP;2033;24;;;;;2035;6;2036;24;;;2034.0;47.0625
1;25500;RAINFOREST_RESIN;9996;1;9995;23;;;10004;1;10005;23;;;10000.0;298.0
1;25500;SQUID_INK;1852;24;;;;;1854;6;1855;1;1856;23;1853.0;-1402.0390625
1;25600;SQUID_INK;1853;24;;;;;1855;6;1856;24;;;1854.0;-1448.5
1;25600;KELP;2033;24;;;;;2035;6;2036;24;;;2034.0;46.2109375
1;25600;RAINFOREST_RESIN;9995;24;;;;;10005;24;;;;;10000.0;298.0
1;25700;RAINFOREST_RESIN;9996;1;9995;24;;;10004;1;10005;24;;;10000.0;298.0
1;25700;SQUID_INK;1849;25;;;;;1852;25;;;;;1850.5;-1248.140625
1;25700;KELP;2033;25;;;;;2036;25;;;;;2034.5;46.00390625
1;25800;RAINFOREST_RESIN;10002;1;9996;2;9995;27;10004;2;10005;27;;;10003.0;298.0
1;25800;SQUID_INK;1849;29;;;;;1852;29;;;;;1850.5;-1272.44140625
1;25800;KELP;2033;29;;;;;2036;29;;;;;2034.5;45.16015625
1;25900;KELP;2033;29;;;;;2036;29;;;;;2034.5;46.4375
1;25900;RAINFOREST_RESIN;9996;2;9995;27;;;10004;2;10005;27;;;10000.0;300.0
1;25900;SQUID_INK;1849;29;;;;;1852;29;;;;;1850.5;-1313.09521484375
1;26000;SQUID_INK;1851;1;1849;27;;;1852;27;;;;;1851.5;-1311.97216796875
1;26000;RAINFOREST_RESIN;9995;27;;;;;10005;27;;;;;10000.0;300.0
1;26000;KELP;2035;1;2033;27;;;2036;27;;;;;2035.5;47.078125
1;26100;SQUID_INK;1850;1;1849;2;1848;25;1851;1;1852;24;;;1850.5;-1315.15869140625
1;26100;KELP;2035;1;2033;27;;;2036;25;;;;;2035.5;47.61328125
1;26100;RAINFOREST_RESIN;10002;1;9998;3;9996;1;10004;1;10005;24;;;10003.0;300.0
1;26200;SQUID_INK;1848;29;;;;;1851;29;;;;;1849.5;-1316.20458984375
1;26200;RAINFOREST_RESIN;10002;1;9996;2;9995;27;10004;2;10005;27;;;10003.0;302.0
1;26200;KELP;2033;29;;;;;2036;29;;;;;2034.5;46.9921875
1;26300;KELP;2033;25;;;;;2036;26;;;;;2034.5;46.98828125
1;26300;SQUID_INK;1847;25;;;;;1851;26;;;;;1849.0;-1318.8994140625
1;26300;RAINFOREST_RESIN;9996;1;9995;25;;;10002;1;10004;1;10005;25;9999.0;304.0
1;26400;RAINFOREST_RESIN;9995;27;;;;;10005;27;;;;;10000.0;304.0
1;26400;KELP;2033;27;;;;;2036;27;;;;;2034.5;46.99609375
1;26400;SQUID_INK;1848;27;;;;;1851;27;;;;;1849.5;-1318.0322265625
1;26500;KELP;2033;22;;;;;2036;22;;;;;2034.5;47.7578125
1;26500;SQUID_INK;1847;22;;;;;1850;22;;;;;1848.5;-1322.10791015625
1;26500;RAINFOREST_RESIN;9996;1;9995;21;;;10004;1;10005;21;;;10000.0;304.0
1;26600;SQUID_INK;1847;31;;;;;1850;31;;;;;1848.5;-1322.4521484375
1;26600;RAINFOREST_RESIN;9996;2;9995;29;;;9998;4;10004;2;10005;29;9997.0;304.0
1;26600;KELP;2033;31;;;;;2036;31;;;;;2034.5;48.90625
1;26700;KELP;2035;1;2033;34;;;2036;26;;;;;2035.5;48.7109375
1;26700;SQUID_INK;1846;1;1845;8;1844;26;1847;26;;;;;1846.5;-1331.6103515625
1;26700;RAINFOREST_RESIN;9995;26;;;;;10005;26;;;;;10000.0;312.0
1;26800;RAINFOREST_RESIN;10002;1;9998;7;9995;20;10005;20;;;;;10003.5;312.0
1;26800;KELP;2033;20;;;;;2036;20;;;;;2034.5;49.0546875
1;26800;SQUID_INK;1844;20;;;;;1847;20;;;;;1845.5;-1383.48828125
1;26900;KELP;2033;22;;;;;2036;22;;;;;2034.5;48.1484375
1;26900;SQUID_INK;1846;22;;;;;1849;22;;;;;1847.5;-1297.96875
1;26900;RAINFOREST_RESIN;9995;22;;;;;10005;22;;;;;10000.0;314.0
1;27000;SQUID_INK;1849;27;;;;;1850;6;1852;27;;;1849.5;-1165.9921875
1;27000;RAINFOREST_RESIN;9998;2;9996;1;9995;26;10004;1;10005;26;;;10001.0;314.0
1;27000;KELP;2033;27;;;;;2035;6;2036;27;;;2034.0;49.78515625
1;27100;KELP;2035;1;2033;29;;;2036;29;;;;;2035.5;49.6015625
1;27100;SQUID_INK;1851;1;1849;29;;;1852;29;;;;;1851.5;-1188.203125
1;27100;RAINFOREST_RESIN;9996;2;9995;27;;;9998;1;10002;10;10004;2;9997.0;314.0
1;27200;RAINFOREST_RESIN;9998;3;9996;2;9995;23;10004;2;10005;23;;;10001.0;316.0
1;27200;KELP;2035;1;2033;32;;;2036;25;;;;;2035.5;49.55859375
1;27200;SQUID_INK;1853;1;1851;32;;;1854;25;;;;;1853.5;-1152.73828125
1;27300;KELP;2033;24;;;;;2036;25;;;;;2034.5;50.376953125
1;27300;SQUID_INK;1850;24;;;;;1853;25;;;;;1851.5;-1172.03125
1;27300;RAINFOREST_RESIN;9995;25;;;;;10002;8;10005;25;;;9998.5;316.0
1;27400;SQUID_INK;1849;6;1848;23;;;1851;1;1852;22;;;1850.0;-1201.734375
1;27400;RAINFOREST_RESIN;9996;1;9995;22;;;9998;3;10004;1;10005;22;9997.0;316.0
1;27400;KELP;2034;6;2033;23;;;2036;23;;;;;2035.0;49.736328125
1;27500;SQUID_INK;1848;30;;;;;1851;30;;;;;1849.5;-1214.82421875
1;27500;KELP;2033;30;;;;;2036;30;;;;;2034.5;50.685546875
1;27500;RAINFOREST_RESIN;9995;30;;;;;10005;30;;;;;10000.0;322.0
1;27600;RAINFOREST_RESIN;9996;2;9995;26;;;10002;4;10004;2;10005;26;9999.0;322.0
1;27600;KELP;2035;1;2033;34;;;2036;28;;;;;2035.5;50.689453125
1;27600;SQUID_INK;1851;1;1849;34;;;1852;28;;;;;1851.5;-1213.65625
1;27700;SQUID_INK;1849;32;;;;;1852;32;;;;;1850.5;-1220.0546875
1;27700;KELP;2033;32;;;;;2036;32;;;;;2034.5;50.39453125
1;27700;RAINFOREST_RESIN;9996;2;9995;30;;;10004;2;10005;30;;;10000.0;322.0
1;27800;SQUID_INK;1848;27;;;;;1851;22;;;;;1849.5;-1243.9140625
1;27800;RAINFOREST_RESIN;9998;2;9996;2;9995;20;10004;2;10005;20;;;10001.0;322.0
1;27800;KELP;2033;27;;;;;2036;22;;;;;2034.5;50.873046875
1;27900;SQUID_INK;1848;29;;;;;1850;8;1851;29;;;1849.0;-1244.7890625
1;27900;KELP;2033;29;;;;;2035;8;2036;29;;;2034.0;50.705078125
1;27900;RAINFOREST_RESIN;9995;29;;;;;10005;29;;;;;10000.0;322.0
1;28000;RAINFOREST_RESIN;9995;22;;;;;10005;22;;;;;10000.0;322.0
1;28000;KELP;2033;26;;;;;2036;22;;;;;2034.5;49.90625
1;28000;SQUID_INK;1849;26;;;;;1852;22;;;;;1850.5;-1202.7890625
1;28100;SQUID_INK;1848;1;1847;20;;;1851;21;;;;;1849.5;-1273.8515625
1;28100;KELP;2033;21;;;;;2036;21;;;;;2034.5;49.583984375
1;28100;RAINFOREST_RESIN;9996;1;9995;20;;;10004;1;10005;20;;;10000.0;322.0
1;28200;SQUID_INK;1849;23;;;;;1852;23;;;;;1850.5;-1189.3828125
1;28200;RAINFOREST_RESIN;9995;23;;;;;10005;23;;;;;10000.0;322.0
1;28200;KELP;2033;23;;;;;2036;23;;;;;2034.5;50.873046875
1;28300;SQUID_INK;1849;30;;;;;1852;30;;;;;1850.5;-1219.78125
1;28300;KELP;2033;30;;;;;2036;30;;;;;2034.5;50.2265625
1;28300;RAINFOREST_RESIN;9996;2;9995;28;;;10004;2;10005;28;;;10000.0;322.0
1;28400;RAINFOREST_RESIN;9995;20;;;;;10002;8;10005;20;;;9998.5;322.0
1;28400;KELP;2033;20;;;;;2036;20;;;;;2034.5;49.90234375
1;28400;SQUID_INK;1849;20;;;;;1853;20;;;;;1851.0;-1180.1796875
1;28500;KELP;2033;33;;;;;2036;30;;;;;2034.5;50.220703125
1;28500;SQUID_INK;1847;33;;;;;1850;30;;;;;1848.5;-1307.2421875
1;28500;RAINFOREST_RESIN;9996;2;9995;28;;;10004;2;10005;28;;;10000.0;322.0
1;28600;KELP;2033;27;;;;;2034;5;2036;28;;;2033.5;51.146484375
1;28600;SQUID_INK;1848;27;;;;;1849;5;1851;28;;;1848.5;-1272.8671875
1;28600;RAINFOREST_RESIN;9996;2;9995;26;;;10000;5;10002;5;10004;2;9998.0;322.0
1;28700;SQUID_INK;1848;23;;;;;1851;24;;;;;1849.5;-1252.0078125
1;28700;RAINFOREST_RESIN;9998;8;9996;2;9995;22;10004;2;10005;22;;;10001.0;322.0
1;28700;KELP;2033;23;;;;;2036;24;;;;;2034.5;54.63671875
1;28800;RAINFOREST_RESIN;9995;21;;;;;10002;8;10005;21;;;9998.5;322.0
1;28800;KELP;2033;21;;;;;2036;21;;;;;2034.5;56.3359375
1;28800;SQUID_INK;1848;21;;;;;1851;21;;;;;1849.5;-1238.078125
1;28900;KELP;2033;24;;;;;2036;23;;;;;2034.5;56.12109375
1;28900;SQUID_INK;1850;24;;;;;1853;23;;;;;1851.5;-1164.8515625
1;28900;RAINFOREST_RESIN;9996;1;9995;22;;;10002;5;10004;1;10005;22;9999.0;322.0
1;29000;KELP;2033;26;;;;;2036;26;;;;;2034.5;56.34375
1;29000;SQUID_INK;1851;2;1850;24;;;1854;26;;;;;1852.5;-1174.24609375
1;29000;RAINFOREST_RESIN;10002;1;9996;2;9995;24;10004;2;10005;24;;;10003.0;322.0
1;29100;SQUID_INK;1850;23;;;;;1853;23;;;;;1851.5;-1185.94921875
1;29100;RAINFOREST_RESIN;9995;23;;;;;10002;2;10005;23;;;9998.5;324.0
1;29100;KELP;2033;23;;;;;2036;23;;;;;2034.5;57.4296875
1;29200;RAINFOREST_RESIN;9996;1;9995;22;;;10004;1;10005;22;;;10000.0;324.0
1;29200;KELP;2033;23;;;;;2036;23;;;;;2034.5;57.62890625
1;29200;SQUID_INK;1850;23;;;;;1853;1;1854;22;;;1851.5;-1180.68359375
1;29300;KELP;2033;23;;;;;2036;23;;;;;2034.5;57.41796875
1;29300;SQUID_INK;1850;1;1849;22;;;1853;23;;;;;1851.5;-1201.71875
1;29300;RAINFOREST_RESIN;9996;1;9995;22;;;10004;1;10005;22;;;10000.0;324.0
1;29400;KELP;2033;25;;;;;2036;25;;;;;2034.5;57.2109375
1;29400;SQUID_INK;1851;25;;;;;1854;25;;;;;1852.5;-1173.87890625
1;29400;RAINFOREST_RESIN;9996;2;9995;23;;;10002;4;10004;2;10005;23;9999.0;324.0
1;29500;SQUID_INK;1850;19;;;;;1853;20;;;;;1851.5;-1195.125
1;29500;RAINFOREST_RESIN;9998;6;9995;20;;;10005;20;;;;;10001.5;324.0
1;29500;KELP;2033;19;;;;;2036;20;;;;;2034.5;56.78515625
1;29600;RAINFOREST_RESIN;9996;1;9995;26;;;10000;4;10004;1;10005;26;9998.0;324.0
1;29600;KELP;2033;27;;;;;2034;4;2036;27;;;2033.5;57.22265625
1;29600;SQUID_INK;1853;27;;;;;1854;4;1856;27;;;1853.5;-1125.25
1;29700;KELP;2033;23;;;;;2035;8;2036;23;;;2034.0;59.109375
1;29700;SQUID_INK;1851;1;1850;22;;;1852;8;1854;23;;;1851.5;-1152.1142578125
1;29700;RAINFOREST_RESIN;9996;1;9995;22;;;10002;7;10004;1;10005;22;9999.0;324.0
1;29800;KELP;2035;1;2033;29;;;2036;25;;;;;2035.5;59.5390625
1;29800;SQUID_INK;1855;1;1853;29;;;1856;25;;;;;1855.5;-1140.158203125
1;29800;RAINFOREST_RESIN;9995;25;;;;;10005;25;;;;;10000.0;324.0
1;29900;SQUID_INK;1854;32;;;;;1857;32;;;;;1855.5;-1136.478515625
1;29900;RAINFOREST_RESIN;9996;2;9995;30;;;10004;2;10005;30;;;10000.0;324.0
1;29900;KELP;2033;32;;;;;2036;32;;;;;2034.5;60.06640625
1;30000;RAINFOREST_RESIN;9998;10;9996;2;9995;23;10004;2;10005;23;;;10001.0;324.0
1;30000;KELP;2033;29;;;;;2036;25;;;;;2034.5;60.796875
1;30000;SQUID_INK;1854;29;;;;;1857;25;;;;;1855.5;-1189.01953125
1;30100;KELP;2033;21;;;;;2036;1;2037;20;;;2034.5;62.0
1;30100;SQUID_INK;1853;21;;;;;1856;21;;;;;1854.5;-1148.875
1;30100;RAINFOREST_RESIN;9996;1;9995;20;;;10004;1;10005;20;;;10000.0;324.0
1;30200;KELP;2033;30;;;;;2036;2;2037;28;;;2034.5;63.23828125
1;30200;SQUID_INK;1851;30;;;;;1854;2;1855;28;;;1852.5;-1111.203125
1;30200;RAINFOREST_RESIN;9996;2;9995;28;;;9998;1;10002;8;10004;2;9997.0;324.0
1;30300;SQUID_INK;1851;31;;;;;1853;1;1854;31;;;1852.0;-1105.328125
1;30300;RAINFOREST_RESIN;10002;4;9996;2;9995;29;10004;2;10005;29;;;10003.0;326.0
1;30300;KELP;2033;31;;;;;2035;1;2036;2;2037;29;2034.0;63.0
1;30400;RAINFOREST_RESIN;9995;30;;;;;10005;30;;;;;10000.0;334.0
1;30400;KELP;2035;2;2033;30;;;2037;30;;;;;2036.0;64.21484375
1;30400;SQUID_INK;1852;2;1850;30;;;1853;30;;;;;1852.5;-1084.44140625
1;30500;KELP;2034;5;2033;30;;;2037;30;;;;;2035.5;64.4296875
1;30500;SQUID_INK;1852;35;;;;;1855;30;;;;;1853.5;-1113.3505859375
1;30500;RAINFOREST_RESIN;9996;2;9995;28;;;10004;2;10005;28;;;10000.0;334.0
1;30600;KELP;2033;32;;;;;2035;7;2036;2;2037;30;2034.0;64.3046875
1;30600;SQUID_INK;1851;2;1850;30;;;1852;7;1854;32;;;1851.5;-1119.861328125
1;30600;RAINFOREST_RESIN;10002;1;9996;2;9995;30;10004;2;10005;30;;;10003.0;334.0
1;30700;SQUID_INK;1851;2;1850;27;;;1854;29;;;;;1852.5;-1118.80078125
1;30700;RAINFOREST_RESIN;9996;2;9995;27;;;10004;2;10005;27;;;10000.0;336.0
1;30700;KELP;2033;29;;;;;2037;29;;;;;2035.0;64.99609375
1;30800;RAINFOREST_RESIN;9998;8;9996;2;9995;29;10004;2;10005;29;;;10001.0;336.0
1;30800;KELP;2033;31;;;;;2036;2;2037;29;;;2034.5;64.32421875
1;30800;SQUID_INK;1849;31;;;;;1852;31;;;;;1850.5;-1136.75390625
1;30900;KELP;2033;21;;;;;2035;7;2036;21;;;2034.0;60.9296875
1;30900;RAINFOREST_RESIN;9995;21;;;;;10005;21;;;;;10000.0;336.0
1;30900;SQUID_INK;1850;21;;;;;1852;7;1853;21;;;1851.0;-1147.3828125
1;31000;KELP;2035;6;2033;28;;;2036;28;;;;;2035.5;61.375
1;31000;SQUID_INK;1851;6;1849;28;;;1852;2;1853;26;;;1851.5;-1167.25
1;31000;RAINFOREST_RESIN;9996;2;9995;26;;;10002;2;10004;2;10005;26;9999.0;336.0
1;31100;RAINFOREST_RESIN;10002;1;9995;23;;;10005;23;;;;;10003.5;336.0
1;31100;SQUID_INK;1850;14;;;;;1853;23;;;;;1851.5;-1157.265625
1;31100;KELP;2033;23;;;;;2034;9;2037;23;;;2033.5;65.66796875
1;31200;RAINFOREST_RESIN;9996;1;9995;21;;;10002;6;10004;1;10005;21;9999.0;338.0
1;31200;KELP;2033;21;;;;;2035;8;2037;22;;;2034.0;80.51171875
1;31200;SQUID_INK;1850;21;;;;;1852;8;1853;22;;;1851.0;-1140.8671875
1;31300;KELP;2034;2;2033;20;;;2037;22;;;;;2035.5;79.75390625
1;31300;RAINFOREST_RESIN;9996;2;9995;20;;;10004;2;10005;20;;;10000.0;338.0
1;31300;SQUID_INK;1851;2;1850;20;;;1854;22;;;;;1852.5;-1118.234375
1;31400;KELP;2033;22;;;;;2037;22;;;;;2035.0;79.1875
1;31400;SQUID_INK;1851;22;;;;;1855;22;;;;;1853.0;-1078.8984375
1;31400;RAINFOREST_RESIN;9995;22;;;;;10005;22;;;;;10000.0;338.0
1;31500;RAINFOREST_RESIN;9996;1;9995;21;;;10004;1;10005;21;;;10000.0;338.0
1;31500;SQUID_INK;1852;22;;;;;1855;22;;;;;1853.5;-1046.0703125
1;31500;KELP;2034;1;2033;21;;;2037;22;;;;;2035.5;81.0234375
1;31600;RAINFOREST_RESIN;9995;24;;;;;9998;3;10005;24;;;9996.5;338.0
1;31600;KELP;2033;24;;;;;2037;24;;;;;2035.0;81.27734375
1;31600;SQUID_INK;1851;24;;;;;1854;24;;;;;1852.5;-1102.671875
1;31700;KELP;2033;29;;;;;2037;29;;;;;2035.0;79.7734375
1;31700;RAINFOREST_RESIN;9995;29;;;;;10002;3;10005;29;;;9998.5;344.0
1;31700;SQUID_INK;1852;29;;;;;1856;29;;;;;1854.0;-1034.9140625
1;31800;KELP;2035;2;2033;24;;;2037;24;;;;;2036.0;78.484375
1;31800;SQUID_INK;1850;2;1849;24;;;1852;24;;;;;1851.0;-1188.28125
1;31800;RAINFOREST_RESIN;9996;2;9995;22;;;10002;2;10004;2;10005;22;9999.0;344.0
1;31900;RAINFOREST_RESIN;9996;2;9995;26;;;10004;2;10005;26;;;10000.0;344.0
1;31900;SQUID_INK;1848;8;1847;26;;;1851;28;;;;;1849.5;-1267.109375
1;31900;KELP;2034;6;2033;28;;;2037;28;;;;;2035.5;76.984375
1;32000;RAINFOREST_RESIN;9996;2;9995;20;;;10002;10;10004;2;10005;20;9999.0;344.0
1;32000;SQUID_INK;1847;22;;;;;1850;22;;;;;1848.5;-1299.1953125
1;32000;KELP;2033;22;;;;;2037;22;;;;;2035.0;74.1796875
1;32100;KELP;2033;25;;;;;2037;25;;;;;2035.0;70.9453125
1;32100;RAINFOREST_RESIN;9998;9;9995;25;;;10005;25;;;;;10001.5;344.0
1;32100;SQUID_INK;1848;25;;;;;1851;25;;;;;1849.5;-1263.90625
1;32200;SQUID_INK;1846;25;;;;;1849;25;;;;;1847.5;-1337.84375
1;32200;KELP;2033;25;;;;;2036;1;2037;24;;;2034.5;72.72265625
1;32200;RAINFOREST_RESIN;9996;1;9995;24;;;10002;5;10004;1;10005;24;9999.0;344.0
1;32300;RAINFOREST_RESIN;10000;3;9996;2;9995;30;10004;2;10005;30;;;10002.0;344.0
1;32300;SQUID_INK;1847;3;1846;32;;;1849;32;;;;;1848.0;-1333.9296875
1;32300;KELP;2034;3;2033;32;;;2037;32;;;;;2035.5;74.5
1;32400;RAINFOREST_RESIN;9998;2;9995;29;;;10005;29;;;;;10001.5;344.0
1;32400;SQUID_INK;1846;29;;;;;1849;29;;;;;1847.5;-1346.6484375
1;32400;KELP;2033;29;;;;;2037;29;;;;;2035.0;76.01953125
1;32500;KELP;2034;3;2033;24;;;2037;26;;;;;2035.5;79.3203125
1;32500;RAINFOREST_RESIN;10002;1;9996;2;9995;24;10004;2;10005;24;;;10003.0;344.0
1;32500;SQUID_INK;1846;1;1845;26;;;1848;2;1849;24;;;1847.0;-1374.3359375
1;32600;SQUID_INK;1843;28;;;;;1846;28;;;;;1844.5;-1511.8828125
1;32600;KELP;2034;2;2033;26;;;2037;28;;;;;2035.5;79.56640625
1;32600;RAINFOREST_RESIN;9998;1;9996;2;9995;26;10004;2;10005;26;;;10001.0;346.0
1;32700;RAINFOREST_RESIN;9996;2;9995;30;;;10004;2;10005;30;;;10000.0;346.0
1;32700;SQUID_INK;1839;32;;;;;1842;32;;;;;1840.5;-1711.6484375
1;32700;KELP;2034;32;;;;;2037;32;;;;;2035.5;81.671875
1;32800;RAINFOREST_RESIN;9995;29;;;;;10005;29;;;;;10000.0;346.0
1;32800;SQUID_INK;1838;29;;;;;1841;29;;;;;1839.5;-1761.3125
1;32800;KELP;2034;29;;;;;2037;29;;;;;2035.5;82.171875
1;32900;KELP;2034;21;;;;;2037;21;;;;;2035.5;81.671875
1;32900;RAINFOREST_RESIN;9996;1;9995;20;;;10002;10;10004;1;10005;20;9999.0;346.0
1;32900;SQUID_INK;1834;21;;;;;1837;21;;;;;1835.5;-1939.5625
1;33000;SQUID_INK;1837;28;;;;;1839;4;1840;28;;;1838.0;-1800.8203125
1;33000;KELP;2034;28;;;;;2036;4;2037;28;;;2035.0;82.15625
1;33000;RAINFOREST_RESIN;9998;2;9995;28;;;10005;28;;;;;10001.5;346.0
1;33100;RAINFOREST_RESIN;9996;1;9995;25;;;10004;1;10005;25;;;10000.0;346.0
1;33100;SQUID_INK;1836;26;;;;;1839;26;;;;;1837.5;-1864.0859375
1;33100;KELP;2034;1;2033;25;;;2037;26;;;;;2035.5;80.359375
1;33200;RAINFOREST_RESIN;9996;1;9995;23;;;10004;1;10005;23;;;10000.0;346.0
1;33200;SQUID_INK;1835;24;;;;;1837;5;1838;24;;;1836.0;-1894.2109375
1;33200;KELP;2034;1;2033;23;;;2035;5;2037;24;;;2034.5;79.0859375
1;33300;KELP;2034;31;;;;;2037;31;;;;;2035.5;82.75
1;33300;RAINFOREST_RESIN;9996;1;9995;30;;;10002;1;10004;1;10005;30;9999.0;346.0
1;33300;SQUID_INK;1833;31;;;;;1836;31;;;;;1834.5;-1997.6875
1;33400;SQUID_INK;1833;20;;;;;1835;2;1836;20;;;1834.0;-1983.5
1;33400;KELP;2034;20;;;;;2036;2;2037;20;;;2035.0;83.0546875
1;33400;RAINFOREST_RESIN;9995;20;;;;;10005;20;;;;;10000.0;346.0
1;33500;RAINFOREST_RESIN;9996;2;9995;21;;;10002;4;10004;2;10005;21;9999.0;346.0
1;33500;SQUID_INK;1840;23;;;;;1843;23;;;;;1841.5;-1646.4140625
1;33500;KELP;2034;2;2033;21;;;2037;23;;;;;2035.5;82.1484375
1;33600;RAINFOREST_RESIN;9995;27;;;;;9998;2;10005;27;;;9996.5;346.0
1;33600;SQUID_INK;1843;27;;;;;1846;27;;;;;1844.5;-1603.37890625
1;33600;KELP;2033;27;;;;;2037;27;;;;;2035.0;82.1484375
1;33700;KELP;2034;1;2033;25;;;2036;6;2037;26;;;2035.0;82.15625
1;33700;RAINFOREST_RESIN;9996;1;9995;25;;;10004;1;10005;25;;;10000.0;350.0
1;33700;SQUID_INK;1842;26;;;;;1844;6;1845;26;;;1843.0;-1639.0
1;33800;SQUID_INK;1845;21;;;;;1848;21;;;;;1846.5;-1761.37109375
1;33800;KELP;2033;21;;;;;2037;21;;;;;2035.0;82.15625
1;33800;RAINFOREST_RESIN;9995;21;;;;;10002;4;10005;21;;;9998.5;350.0
1;33900;RAINFOREST_RESIN;9996;1;9995;27;;;10004;1;10005;27;;;10000.0;350.0
1;33900;SQUID_INK;1845;28;;;;;1848;28;;;;;1846.5;-1790.109375
1;33900;KELP;2034;28;;;;;2037;28;;;;;2035.5;84.30078125
1;34000;RAINFOREST_RESIN;9996;2;9995;28;;;10004;2;10005;28;;;10000.0;350.0
1;34000;SQUID_INK;1848;1;1846;30;;;1849;30;;;;;1848.5;-1834.7421875
1;34000;KELP;2036;1;2034;2;2033;28;2037;30;;;;;2036.5;82.5078125
1;34100;KELP;2034;27;;;;;2037;27;;;;;2035.5;83.57421875
1;34100;RAINFOREST_RESIN;9996;2;9995;25;;;10004;2;10005;25;;;10000.0;350.0
1;34100;SQUID_INK;1845;27;;;;;1848;2;1849;25;;;1846.5;-1812.0234375
1;34200;SQUID_INK;1847;32;;;;;1850;32;;;;;1848.5;-1878.140625
1;34200;KELP;2034;2;2033;30;;;2037;32;;;;;2035.5;82.6875
1;34200;RAINFOREST_RESIN;9996;2;9995;30;;;10002;2;10004;2;10005;30;9999.0;350.0
1;34300;RAINFOREST_RESIN;9996;1;9995;28;;;10004;1;10005;28;;;10000.0;350.0
1;34300;SQUID_INK;1846;28;;;;;1849;29;;;;;1847.5;-1857.6484375
1;34300;KELP;2034;28;;;;;2037;29;;;;;2035.5;83.8828125
1;34400;RAINFOREST_RESIN;9996;2;9995;28;;;10004;2;10005;28;;;10000.0;350.0
1;34400;SQUID_INK;1846;30;;;;;1849;30;;;;;1847.5;-1858.8359375
1;34400;KELP;2034;2;2033;28;;;2037;30;;;;;2035.5;83.30078125
1;34500;KELP;2034;24;;;;;2037;24;;;;;2035.5;83.58984375
1;34500;RAINFOREST_RESIN;9996;2;9995;22;;;10004;2;10005;22;;;10000.0;350.0
1;34500;SQUID_INK;1844;24;;;;;1847;24;;;;;1845.5;-1760.125
1;34600;SQUID_INK;1846;24;;;;;1849;24;;;;;1847.5;-1824.625
1;34600;KELP;2034;24;;;;;2037;24;;;;;2035.5;85.61328125
1;34600;RAINFOREST_RESIN;9995;24;;;;;10005;24;;;;;10000.0;350.0
1;34700;SQUID_INK;1847;32;;;;;1850;25;;;;;1848.5;-1855.92578125
1;34700;KELP;2034;32;;;;;2037;25;;;;;2035.5;85.01953125
1;34700;RAINFOREST_RESIN;9996;2;9995;23;;;10004;2;10005;23;;;10000.0;350.0
1;34800;SQUID_INK;1846;14;;;;;1849;24;;;;;1847.5;-1833.0390625
1;34800;RAINFOREST_RESIN;9998;3;9996;2;9995;22;10004;2;10005;22;;;10001.0;350.0
1;34800;KELP;2034;14;;;;;2037;24;;;;;2035.5;87.671875
1;34900;KELP;2034;24;;;;;2037;24;;;;;2035.5;90.046875
1;34900;RAINFOREST_RESIN;9995;24;;;;;10005;24;;;;;10000.0;350.0
1;34900;SQUID_INK;1844;24;;;;;1848;24;;;;;1846.0;-1789.15625
1;35000;SQUID_INK;1844;29;;;;;1847;29;;;;;1845.5;-1781.234375
1;35000;RAINFOREST_RESIN;9995;29;;;;;10005;29;;;;;10000.0;350.0
1;35000;KELP;2034;29;;;;;2037;29;;;;;2035.5;94.6328125
1;35100;SQUID_INK;1844;23;;;;;1847;23;;;;;1845.5;-1770.52734375
1;35100;KELP;2034;23;;;;;2037;23;;;;;2035.5;94.9140625
1;35100;RAINFOREST_RESIN;9996;2;9995;21;;;10004;2;10005;21;;;10000.0;350.0
1;35200;SQUID_INK;1844;24;;;;;1846;3;1847;24;;;1845.0;-1782.93359375
1;35200;RAINFOREST_RESIN;9995;24;;;;;10005;24;;;;;10000.0;350.0
1;35200;KELP;2034;24;;;;;2036;3;2037;24;;;2035.0;96.62890625
1;35300;KELP;2034;31;;;;;2037;23;;;;;2035.5;98.19921875
1;35300;SQUID_INK;1845;31;;;;;1848;23;;;;;1846.5;-1800.4609375
1;35300;RAINFOREST_RESIN;9998;8;9996;1;9995;22;10004;1;10005;22;;;10001.0;350.0
1;35400;RAINFOREST_RESIN;10002;1;9996;2;9995;25;10004;2;10005;25;;;10003.0;350.0
1;35400;KELP;2034;27;;;;;2037;2;2038;25;;;2035.5;99.921875
1;35400;SQUID_INK;1844;27;;;;;1847;27;;;;;1845.5;-1776.86328125
1;35500;KELP;2034;29;;;;;2037;29;;;;;2035.5;96.95703125
1;35500;SQUID_INK;1845;29;;;;;1848;29;;;;;1846.5;-1805.12890625
1;35500;RAINFOREST_RESIN;9996;2;9995;27;;;10004;2;10005;27;;;10000.0;352.0
1;35600;SQUID_INK;1844;24;;;;;1847;24;;;;;1845.5;-1782.30859375
1;35600;RAINFOREST_RESIN;9996;1;9995;23;;;10002;3;10004;1;10005;23;9999.0;352.0
1;35600;KELP;2034;24;;;;;2037;24;;;;;2035.5;86.98828125
1;35700;KELP;2034;2;2033;29;;;2037;31;;;;;2035.5;82.25390625
1;35700;SQUID_INK;1842;31;;;;;1845;31;;;;;1843.5;-1731.12109375
1;35700;RAINFOREST_RESIN;9996;2;9995;29;;;10002;9;10004;2;10005;29;9999.0;352.0
1;35800;RAINFOREST_RESIN;9996;2;9995;21;;;10004;2;10005;21;;;10000.0;352.0
1;35800;KELP;2034;29;;;;;2037;23;;;;;2035.5;86.91796875
1;35800;SQUID_INK;1843;29;;;;;1846;23;;;;;1844.5;-1766.87109375
1;35900;KELP;2034;30;;;;;2037;30;;;;;2035.5;88.1015625
1;35900;SQUID_INK;1839;30;;;;;1842;2;1843;28;;;1840.5;-1785.080078125
1;35900;RAINFOREST_RESIN;9996;2;9995;28;;;10004;2;10005;28;;;10000.0;352.0
1;36000;SQUID_INK;1841;30;;;;;1842;2;1843;2;1844;30;1841.5;-1774.248046875
1;36000;RAINFOREST_RESIN;9995;30;;;;;10000;2;10002;9;10005;30;9997.5;352.0
1;36000;KELP;2034;30;;;;;2035;2;2036;2;2037;30;2034.5;87.8125
1;36100;KELP;2034;23;;;;;2036;6;2037;23;;;2035.0;92.34765625
1;36100;SQUID_INK;1841;23;;;;;1843;6;1844;23;;;1842.0;-1776.880859375
1;36100;RAINFOREST_RESIN;9998;7;9996;2;9995;21;10004;2;10005;21;;;10001.0;352.0
1;36200;RAINFOREST_RESIN;9998;5;9996;1;9995;29;10004;1;10005;29;;;10001.0;352.0
1;36200;KELP;2034;30;;;;;2037;30;;;;;2035.5;86.98828125
1;36200;SQUID_INK;1842;30;;;;;1845;30;;;;;1843.5;-1764.791015625
1;36300;SQUID_INK;1843;31;;;;;1846;31;;;;;1844.5;-1759.4296875
1;36300;KELP;2034;31;;;;;2037;31;;;;;2035.5;92.0078125
1;36300;RAINFOREST_RESIN;9996;1;9995;30;;;10004;1;10005;30;;;10000.0;352.0
1;36400;SQUID_INK;1842;30;;;;;1845;29;;;;;1843.5;-1784.73046875
1;36400;RAINFOREST_RESIN;9996;1;9995;28;;;10002;8;10004;1;10005;28;9999.0;352.0
1;36400;KELP;2034;30;;;;;2037;29;;;;;2035.5;95.1328125
1;36500;SQUID_INK;1843;28;;;;;1846;29;;;;;1844.5;-1810.94921875
1;36500;KELP;2034;28;;;;;2037;29;;;;;2035.5;95.4375
1;36500;RAINFOREST_RESIN;9996;2;9995;27;;;10004;2;10005;27;;;10000.0;352.0
1;36600;RAINFOREST_RESIN;9996;1;9995;30;;;10000;2;10004;1;10005;30;9998.0;352.0
1;36600;KELP;2034;31;;;;;2035;2;2037;31;;;2034.5;94.85546875
1;36600;SQUID_INK;1841;31;;;;;1842;2;1844;31;;;1841.5;-1767.84375
1;36700;SQUID_INK;1842;22;;;;;1845;22;;;;;1843.5;-1780.6328125
1;36700;KELP;2034;22;;;;;2037;22;;;;;2035.5;96.03125
1;36700;RAINFOREST_RESIN;10002;1;9996;1;9995;21;10004;1;10005;21;;;10003.0;352.0
1;36800;SQUID_INK;1844;2;1843;23;;;1847;25;;;;;1845.5;-1810.8203125
1;36800;RAINFOREST_RESIN;9996;2;9995;23;;;10004;2;10005;23;;;10000.0;354.0
1;36800;KELP;2034;25;;;;;2037;25;;;;;2035.5;95.6875
1;36900;SQUID_INK;1845;22;;;;;1848;22;;;;;1846.5;-1843.703125
1;36900;KELP;2034;22;;;;;2037;22;;;;;2035.5;95.3515625
1;36900;RAINFOREST_RESIN;9998;6;9995;22;;;10005;22;;;;;10001.5;354.0
1;37000;RAINFOREST_RESIN;9996;2;9995;20;;;10004;2;10005;20;;;10000.0;354.0
1;37000;KELP;2034;22;;;;;2037;22;;;;;2035.5;95.671875
1;37000;SQUID_INK;1844;22;;;;;1847;22;;;;;1845.5;-1819.90625
1;37100;SQUID_INK;1845;5;1844;24;;;1847;24;;;;;1846.0;-1818.0234375
1;37100;KELP;2035;5;2034;24;;;2037;24;;;;;2036.0;94.640625
1;37100;RAINFOREST_RESIN;10000;5;9995;24;;;10005;24;;;;;10002.5;354.0
1;37200;SQUID_INK;1844;29;;;;;1847;29;;;;;1845.5;-1820.6640625
1;37200;RAINFOREST_RESIN;9996;2;9995;27;;;10004;2;10005;27;;;10000.0;354.0
1;37200;KELP;2034;29;;;;;2037;29;;;;;2035.5;93.96875
1;37300;SQUID_INK;1840;23;;;;;1842;4;1843;23;;;1841.0;-1667.6484375
1;37300;KELP;2034;23;;;;;2036;4;2037;23;;;2035.0;94.625
1;37300;RAINFOREST_RESIN;9996;1;9995;22;;;10004;1;10005;22;;;10000.0;354.0
1;37400;RAINFOREST_RESIN;9995;22;;;;;10005;22;;;;;10000.0;354.0
1;37400;KELP;2034;26;;;;;2037;22;;;;;2035.5;94.96875
1;37400;SQUID_INK;1842;26;;;;;1845;22;;;;;1843.5;-1729.265625
1;37500;KELP;2035;5;2034;31;;;2037;31;;;;;2036.0;92.28125
1;37500;SQUID_INK;1844;5;1843;31;;;1846;31;;;;;1845.0;-1780.0546875
1;37500;RAINFOREST_RESIN;10000;5;9996;1;9995;30;10004;1;10005;30;;;10002.0;354.0
1;37600;KELP;2034;25;;;;;2036;5;2037;25;;;2035.0;91.609375
1;37600;SQUID_INK;1845;25;;;;;1847;5;1848;25;;;1846.0;-1865.8828125
1;37600;RAINFOREST_RESIN;9996;1;9995;24;;;10004;1;10005;24;;;10000.0;354.0
1;37700;SQUID_INK;1844;20;;;;;1847;20;;;;;1845.5;-1842.9296875
1;37700;RAINFOREST_RESIN;10002;1;9995;20;;;10005;20;;;;;10003.5;354.0
1;37700;KELP;2034;20;;;;;2037;20;;;;;2035.5;92.28125
1;37800;RAINFOREST_RESIN;9996;2;9995;23;;;10004;2;10005;23;;;10000.0;356.0
1;37800;KELP;2034;25;;;;;2037;25;;;;;2035.5;91.2890625
1;37800;SQUID_INK;1848;25;;;;;1851;25;;;;;1849.5;-2006.5625
1;37900;KELP;2034;29;;;;;2037;29;;;;;2035.5;91.953125
1;37900;SQUID_INK;1848;29;;;;;1851;29;;;;;1849.5;-2018.0859375
1;37900;RAINFOREST_RESIN;9996;2;9995;27;;;10004;2;10005;27;;;10000.0;356.0
1;38000;KELP;2034;30;;;;;2037;30;;;;;2035.5;94.640625
1;38000;SQUID_INK;1848;30;;;;;1852;30;;;;;1850.0;-2044.46875
1;38000;RAINFOREST_RESIN;9998;3;9995;30;;;10005;30;;;;;10001.5;356.0
1;38100;SQUID_INK;1848;29;;;;;1850;4;1851;29;;;1849.0;-2023.7890625
1;38100;RAINFOREST_RESIN;9998;4;9996;1;9995;28;10004;1;10005;28;;;10001.0;356.0
1;38100;KELP;2034;29;;;;;2036;4;2037;29;;;2035.0;93.9609375
1;38200;RAINFOREST_RESIN;9998;4;9996;2;9995;29;10004;2;10005;29;;;10001.0;356.0
1;38200;KELP;2034;31;;;;;2037;31;;;;;2035.5;93.2890625
1;38200;SQUID_INK;1848;31;;;;;1851;31;;;;;1849.5;-2007.2265625
1;38300;KELP;2034;27;;;;;2037;22;;;;;2035.5;94.6875
1;38300;SQUID_INK;1849;27;;;;;1852;22;;;;;1850.5;-2082.4375
1;38300;RAINFOREST_RESIN;9995;22;;;;;10005;22;;;;;10000.0;356.0
1;38400;KELP;2034;27;;;;;2037;31;;;;;2035.5;96.03125
1;38400;SQUID_INK;1849;29;;;;;1850;2;1853;31;;;1849.5;-2103.7890625
1;38400;RAINFOREST_RESIN;9996;2;9995;29;;;10004;2;10005;29;;;10000.0;356.0
1;38500;SQUID_INK;1850;24;;;;;1853;24;;;;;1851.5;-2124.734375
1;38500;RAINFOREST_RESIN;9996;2;9995;22;;;10004;2;10005;22;;;10000.0;356.0
1;38500;KELP;2034;24;;;;;2037;24;;;;;2035.5;98.0390625
1;38600;RAINFOREST_RESIN;10002;1;9996;2;9995;29;10004;2;10005;29;;;10003.0;356.0
1;38600;KELP;2034;31;;;;;2037;31;;;;;2035.5;95.2421875
1;38600;SQUID_INK;1850;31;;;;;1853;31;;;;;1851.5;-2127.671875
1;38700;KELP;2034;21;;;;;2037;22;;;;;2035.5;97.5703125
1;38700;SQUID_INK;1850;21;;;;;1853;22;;;;;1851.5;-2134.609375
1;38700;RAINFOREST_RESIN;9996;2;9995;20;;;10004;2;10005;20;;;10000.0;358.0
1;38800;KELP;2034;27;;;;;2036;2;2037;27;;;2035.0;98.9375
1;38800;SQUID_INK;1850;27;;;;;1852;2;1853;27;;;1851.0;-2138.578125
1;38800;RAINFOREST_RESIN;9996;2;9995;25;;;10004;2;10005;25;;;10000.0;358.0
1;38900;SQUID_INK;1851;25;;;;;1854;25;;;;;1852.5;-2175.0703125
1;38900;RAINFOREST_RESIN;9996;2;9995;23;;;10004;2;10005;23;;;10000.0;358.0
1;38900;KELP;2034;25;;;;;2037;25;;;;;2035.5;96.265625
1;39000;RAINFOREST_RESIN;9996;1;9995;23;;;10000;3;10004;1;10005;23;9998.0;358.0
1;39000;KELP;2034;24;;;;;2035;3;2036;6;2037;24;2034.5;102.5234375
1;39000;SQUID_INK;1852;1;1851;23;;;1853;9;1855;24;;;1852.5;-2201.359375
1;39100;KELP;2034;38;;;;;2037;30;;;;;2035.5;103.7734375
1;39100;SQUID_INK;1850;38;;;;;1853;30;;;;;1851.5;-2122.5234375
1;39100;RAINFOREST_RESIN;9996;2;9995;28;;;9998;3;10004;2;10005;28;9997.0;358.0
1;39200;KELP;2034;26;;;;;2035;4;2037;21;;;2034.5;102.3046875
1;39200;SQUID_INK;1849;26;;;;;1850;4;1852;21;;;1849.5;-2066.640625
1;39200;RAINFOREST_RESIN;9995;21;;;;;10000;4;10005;21;;;9997.5;364.0
1;39300;SQUID_INK;1849;24;;;;;1853;24;;;;;1851.0;-2098.515625
1;39300;RAINFOREST_RESIN;9995;24;;;;;10005;24;;;;;10000.0;364.0
1;39300;KELP;2034;24;;;;;2037;24;;;;;2035.5;103.2265625
1;39400;RAINFOREST_RESIN;9995;21;;;;;10005;21;;;;;10000.0;364.0
1;39400;KELP;2034;21;;;;;2038;21;;;;;2036.0;106.53125
1;39400;SQUID_INK;1848;21;;;;;1851;21;;;;;1849.5;-2015.625
1;39500;KELP;2034;29;;;;;2036;3;2037;29;;;2035.0;102.9140625
1;39500;SQUID_INK;1847;29;;;;;1849;3;1851;29;;;1848.0;-2006.4453125
1;39500;RAINFOREST_RESIN;9995;29;;;;;10005;29;;;;;10000.0;364.0
1;39600;SQUID_INK;1849;31;;;;;1852;31;;;;;1850.5;-2079.765625
1;39600;KELP;2034;31;;;;;2037;31;;;;;2035.5;103.671875
1;39600;RAINFOREST_RESIN;9996;1;9995;30;;;10004;1;10005;30;;;10000.0;364.0
1;39700;RAINFOREST_RESIN;9996;1;9995;29;;;10000;6;10004;1;10005;29;9998.0;364.0
1;39700;SQUID_INK;1849;29;;;;;1850;6;1852;30;;;1849.5;-2076.4296875
1;39700;KELP;2034;29;;;;;2035;6;2037;30;;;2034.5;103.671875
1;39800;RAINFOREST_RESIN;9996;2;9995;22;;;9998;1;10004;2;10005;22;9997.0;364.0
1;39800;KELP;2034;24;;;;;2037;24;;;;;2035.5;104.2578125
1;39800;SQUID_INK;1849;24;;;;;1852;24;;;;;1850.5;-2064.34375
1;39900;KELP;2034;29;;;;;2036;7;2037;29;;;2035.0;99.5859375
1;39900;RAINFOREST_RESIN;9998;10;9996;1;9995;28;10004;1;10005;28;;;10001.0;366.0
1;39900;SQUID_INK;1849;29;;;;;1851;7;1853;29;;;1850.0;-2089.734375
1;40000;KELP;2034;26;;;;;2037;26;;;;;2035.5;95.7734375
1;40000;SQUID_INK;1849;26;;;;;1852;26;;;;;1850.5;-2059.9140625
1;40000;RAINFOREST_RESIN;10002;11;9996;1;9995;25;10004;1;10005;25;;;10003.0;366.0
1;40100;RAINFOREST_RESIN;9995;30;;;;;10005;30;;;;;10000.0;388.0
1;40100;SQUID_INK;1851;30;;;;;1853;4;1854;30;;;1852.0;-2157.5234375
1;40100;KELP;2034;30;;;;;2036;4;2037;30;;;2035.0;103.828125
1;40200;RAINFOREST_RESIN;9996;1;9995;24;;;10002;7;10004;1;10005;24;9999.0;388.0
1;40200;KELP;2034;25;;;;;2037;25;;;;;2035.5;108.5078125
1;40200;SQUID_INK;1851;25;;;;;1854;25;;;;;1852.5;-2182.8203125
1;40300;KELP;2034;30;;;;;2037;30;;;;;2035.5;104.2265625
1;40300;RAINFOREST_RESIN;10002;4;9996;1;9995;29;10004;1;10005;29;;;10003.0;388.0
1;40300;SQUID_INK;1851;30;;;;;1854;30;;;;;1852.5;-2155.5
1;40400;KELP;2034;25;;;;;2037;25;;;;;2035.5;100.6171875
1;40400;SQUID_INK;1852;25;;;;;1855;25;;;;;1853.5;-2195.171875
1;40400;RAINFOREST_RESIN;9996;2;9995;23;;;10004;2;10005;23;;;10000.0;396.0
1;40500;RAINFOREST_RESIN;9996;1;9995;21;;;10004;1;10005;21;;;10000.0;396.0
1;40500;SQUID_INK;1851;22;;;;;1854;22;;;;;1852.5;-2147.6796875
1;40500;KELP;2034;22;;;;;2037;22;;;;;2035.5;100.6328125
1;40600;RAINFOREST_RESIN;10002;1;9995;28;;;10005;28;;;;;10003.5;396.0
1;40600;KELP;2034;28;;;;;2037;28;;;;;2035.5;100.1796875
1;40600;SQUID_INK;1851;28;;;;;1854;28;;;;;1852.5;-2147.7578125
1;40700;KELP;2036;1;2034;36;;;2037;30;;;;;2036.5;99.796875
1;40700;RAINFOREST_RESIN;9998;10;9996;1;9995;29;10004;1;10005;29;;;10001.0;398.0
1;40700;SQUID_INK;1854;1;1853;6;1852;30;1856;30;;;;;1855.0;-2238.2890625
1;40800;SQUID_INK;1852;21;;;;;1855;21;;;;;1853.5;-2212.2109375
1;40800;KELP;2034;21;;;;;2037;21;;;;;2035.5;101.890625
1;40800;RAINFOREST_RESIN;9995;21;;;;;10005;21;;;;;10000.0;398.0
1;40900;RAINFOREST_RESIN;9998;2;9995;25;;;10005;25;;;;;10001.5;398.0
1;40900;SQUID_INK;1852;3;1851;25;;;1855;25;;;;;1853.5;-2192.921875
1;40900;KELP;2034;28;;;;;2037;25;;;;;2035.5;97.3359375
1;41000;RAINFOREST_RESIN;9998;10;9996;1;9995;20;10000;2;10004;1;10005;20;9999.0;398.0
1;41000;SQUID_INK;1852;21;;;;;1853;2;1854;7;1855;21;1852.5;-2211.2890625
1;41000;KELP;2034;1;2033;20;;;2035;2;2036;7;2037;21;2034.5;86.484375
1;41100;KELP;2034;25;;;;;2037;25;;;;;2035.5;93.4296875
1;41100;RAINFOREST_RESIN;9996;2;9995;23;;;10004;2;10005;23;;;10000.0;398.0
1;41100;SQUID_INK;1851;25;;;;;1854;25;;;;;1852.5;-2173.125
1;41200;SQUID_INK;1852;20;;;;;1855;20;;;;;1853.5;-2204.3515625
1;41200;KELP;2034;20;;;;;2037;20;;;;;2035.5;93.3984375
1;41200;RAINFOREST_RESIN;9995;20;;;;;10005;20;;;;;10000.0;398.0
1;41300;RAINFOREST_RESIN;9995;27;;;;;10005;27;;;;;10000.0;398.0
1;41300;SQUID_INK;1856;35;;;;;1859;27;;;;;1857.5;-2400.046875
1;41300;KELP;2034;35;;;;;2037;27;;;;;2035.5;90.734375
1;41400;RAINFOREST_RESIN;9996;1;9995;29;;;10004;1;10005;29;;;10000.0;398.0
1;41400;SQUID_INK;1855;30;;;;;1858;30;;;;;1856.5;-2344.8984375
1;41400;KELP;2034;30;;;;;2037;30;;;;;2035.5;89.0
1;41500;KELP;2034;38;;;;;2037;31;;;;;2035.5;89.875
1;41500;RAINFOREST_RESIN;9996;2;9995;29;;;10004;2;10005;29;;;10000.0;398.0
1;41500;SQUID_INK;1854;38;;;;;1857;31;;;;;1855.5;-2296.7421875
1;41600;SQUID_INK;1853;26;;;;;1856;26;;;;;1854.5;-2273.390625
1;41600;KELP;2034;26;;;;;2037;26;;;;;2035.5;91.640625
1;41600;RAINFOREST_RESIN;9995;26;;;;;10005;26;;;;;10000.0;398.0
1;41700;RAINFOREST_RESIN;9995;23;;;;;10005;23;;;;;10000.0;398.0
1;41700;SQUID_INK;1859;2;1857;23;;;1860;23;;;;;1859.5;-2474.6953125
1;41700;KELP;2036;2;2034;23;;;2038;23;;;;;2037.0;114.296875
1;41800;RAINFOREST_RESIN;9996;1;9995;21;;;10004;1;10005;21;;;10000.0;398.0
1;41800;SQUID_INK;1857;21;;;;;1860;22;;;;;1858.5;-2454.109375
1;41800;KELP;2034;21;;;;;2037;1;2038;21;;;2035.5;115.3984375
1;41900;KELP;2034;28;;;;;2038;28;;;;;2036.0;118.6640625
1;41900;RAINFOREST_RESIN;9995;28;;;;;10002;8;10005;28;;;9998.5;398.0
1;41900;SQUID_INK;1855;28;;;;;1859;28;;;;;1857.0;-2384.390625
1;42000;SQUID_INK;1857;28;;;;;1860;28;;;;;1858.5;-2445.375
1;42000;KELP;2034;28;;;;;2037;1;2038;27;;;2035.5;114.140625
1;42000;RAINFOREST_RESIN;9996;1;9995;27;;;9998;1;10004;1;10005;27;9997.0;398.0
1;42100;RAINFOREST_RESIN;10002;2;9995;22;;;10005;22;;;;;10003.5;400.0
1;42100;SQUID_INK;1857;29;;;;;1860;22;;;;;1858.5;-2449.2265625
1;42100;KELP;2035;7;2034;22;;;2038;22;;;;;2036.5;116.578125
1;42200;RAINFOREST_RESIN;9995;22;;;;;10005;22;;;;;10000.0;404.0
1;42200;SQUID_INK;1858;22;;;;;1861;22;;;;;1859.5;-2522.15625
1;42200;KELP;2034;22;;;;;2038;22;;;;;2036.0;116.96875
1;42300;KELP;2034;22;;;;;2038;22;;;;;2036.0;116.1484375
1;42300;RAINFOREST_RESIN;9996;2;9995;20;;;10004;2;10005;20;;;10000.0;404.0
1;42300;SQUID_INK;1860;22;;;;;1863;22;;;;;1861.5;-2615.1484375
1;42400;SQUID_INK;1859;28;;;;;1862;2;1863;26;;;1860.5;-2577.203125
1;42400;KELP;2034;28;;;;;2037;2;2038;26;;;2035.5;115.2265625
1;42400;RAINFOREST_RESIN;9996;2;9995;26;;;10002;2;10004;2;10005;26;9999.0;404.0
1;42500;RAINFOREST_RESIN;9995;24;;;;;10005;24;;;;;10000.0;404.0
1;42500;SQUID_INK;1860;24;;;;;1861;2;1863;24;;;1860.5;-2593.9296875
1;42500;KELP;2034;24;;;;;2036;2;2038;24;;;2035.0;114.3828125
1;42600;RAINFOREST_RESIN;9995;28;;;;;10005;28;;;;;10000.0;404.0
1;42600;SQUID_INK;1860;1;1858;28;;;1861;28;;;;;1860.5;-2525.0078125
1;42600;KELP;2036;1;2034;28;;;2038;28;;;;;2037.0;114.3671875
1;42700;KELP;2034;24;;;;;2037;1;2038;23;;;2035.5;114.546875
1;42700;RAINFOREST_RESIN;9996;1;9995;23;;;10004;1;10005;23;;;10000.0;404.0
1;42700;SQUID_INK;1860;24;;;;;1863;24;;;;;1861.5;-2614.7734375
1;42800;SQUID_INK;1858;29;;;;;1859;2;1861;29;;;1858.5;-2510.625
1;42800;KELP;2034;29;;;;;2035;2;2038;29;;;2034.5;113.3359375
1;42800;RAINFOREST_RESIN;9995;29;;;;;10000;2;10005;29;;;9997.5;404.0
1;42900;RAINFOREST_RESIN;10002;5;9995;20;;;10005;20;;;;;10003.5;404.0
1;42900;SQUID_INK;1860;20;;;;;1863;20;;;;;1861.5;-2613.8984375
1;42900;KELP;2034;20;;;;;2038;20;;;;;2036.0;120.46875
1;43000;RAINFOREST_RESIN;9996;1;9995;26;;;10002;6;10004;1;10005;26;9999.0;414.0
1;43000;SQUID_INK;1864;27;;;;;1867;27;;;;;1865.5;-2784.140625
1;43000;KELP;2034;27;;;;;2037;1;2038;26;;;2035.5;114.0703125
1;43100;KELP;2034;25;;;;;2037;1;2038;24;;;2035.5;117.4375
1;43100;RAINFOREST_RESIN;9998;9;9996;1;9995;24;10004;1;10005;24;;;10001.0;414.0
1;43100;SQUID_INK;1865;1;1864;24;;;1868;25;;;;;1866.5;-2827.84375
1;43200;SQUID_INK;1863;31;;;;;1866;31;;;;;1864.5;-2746.90625
1;43200;KELP;2034;31;;;;;2037;2;2038;29;;;2035.5;117.0
1;43200;RAINFOREST_RESIN;9996;2;9995;29;;;10002;5;10004;2;10005;29;9999.0;414.0
1;43300;RAINFOREST_RESIN;9998;10;9995;20;;;10005;20;;;;;10001.5;414.0
1;43300;SQUID_INK;1864;1;1861;20;;;1865;20;;;;;1864.5;-2677.1953125
1;43300;KELP;2036;1;2034;20;;;2038;20;;;;;2037.0;114.4609375
1;43400;RAINFOREST_RESIN;9996;2;9995;22;;;10004;2;10005;22;;;10000.0;414.0
1;43400;SQUID_INK;1860;24;;;;;1863;24;;;;;1861.5;-2612.578125
1;43400;KELP;2034;24;;;;;2038;24;;;;;2036.0;118.7890625
1;43500;KELP;2035;6;2034;25;;;2038;25;;;;;2036.5;119.65625
1;43500;RAINFOREST_RESIN;9996;1;9995;24;;;10002;7;10004;1;10005;24;9999.0;414.0
1;43500;SQUID_INK;1861;31;;;;;1864;25;;;;;1862.5;-2660.2890625
1;43600;SQUID_INK;1853;22;;;;;1855;1;1856;22;;;1854.0;-2448.80078125
1;43600;RAINFOREST_RESIN;9995;22;;;;;10002;5;10005;22;;;9998.5;414.0
1;43600;KELP;2034;22;;;;;2036;1;2038;22;;;2035.0;114.3046875
1;43700;SQUID_INK;1853;30;;;;;1856;30;;;;;1854.5;-2459.90234375
1;43700;KELP;2034;30;;;;;2037;1;2038;29;;;2035.5;114.7109375
1;43700;RAINFOREST_RESIN;9996;1;9995;29;;;10002;6;10004;1;10005;29;9999.0;414.0
1;43800;SQUID_INK;1853;1;1852;22;;;1856;23;;;;;1854.5;-2499.6318359375
1;43800;RAINFOREST_RESIN;9996;1;9995;22;;;10004;1;10005;22;;;10000.0;414.0
1;43800;KELP;2034;23;;;;;2037;1;2038;22;;;2035.5;116.8203125
1;43900;KELP;2034;32;;;;;2037;26;;;;;2035.5;112.703125
1;43900;RAINFOREST_RESIN;9996;2;9995;24;;;10002;2;10004;2;10005;24;9999.0;414.0
1;43900;SQUID_INK;1852;32;;;;;1855;26;;;;;1853.5;-2556.1015625
1;44000;SQUID_INK;1852;27;;;;;1855;27;;;;;1853.5;-2603.0078125
1;44000;RAINFOREST_RESIN;10002;4;9998;10;9996;2;10004;2;10005;25;;;10003.0;414.0
1;44000;KELP;2034;27;;;;;2037;27;;;;;2035.5;92.546875
1;44100;KELP;2034;24;;;;;2036;4;2037;24;;;2035.0;99.1953125
1;44100;SQUID_INK;1849;24;;;;;1851;4;1852;24;;;1850.0;-2749.265625
1;44100;RAINFOREST_RESIN;9996;2;9995;22;;;10004;2;10005;22;;;10000.0;422.0
1;44200;SQUID_INK;1847;24;;;;;1850;24;;;;;1848.5;-2843.9609375
1;44200;RAINFOREST_RESIN;9995;24;;;;;10005;24;;;;;10000.0;422.0
1;44200;KELP;2034;24;;;;;2037;24;;;;;2035.5;111.6171875
1;44300;KELP;2034;26;;;;;2037;26;;;;;2035.5;105.3046875
1;44300;SQUID_INK;1850;26;;;;;1853;26;;;;;1851.5;-2700.5
1;44300;RAINFOREST_RESIN;9996;2;9995;24;;;9998;2;10004;2;10005;24;9997.0;422.0
1;44400;RAINFOREST_RESIN;9996;1;9995;25;;;10002;7;10004;1;10005;25;9999.0;426.0
1;44400;KELP;2034;27;;;;;2037;26;;;;;2035.5;101.1484375
1;44400;SQUID_INK;1850;1;1849;26;;;1853;26;;;;;1851.5;-2717.515625
1;44500;KELP;2034;30;;;;;2037;30;;;;;2035.5;102.375
1;44500;SQUID_INK;1849;30;;;;;1852;30;;;;;1850.5;-2734.28125
1;44500;RAINFOREST_RESIN;9995;30;;;;;10005;30;;;;;10000.0;426.0
1;44600;SQUID_INK;1850;22;;;;;1853;22;;;;;1851.5;-2683.890625
1;44600;RAINFOREST_RESIN;9996;1;9995;21;;;10004;1;10005;21;;;10000.0;426.0
1;44600;KELP;2034;22;;;;;2037;22;;;;;2035.5;99.4296875
1;44700;KELP;2034;27;;;;;2036;6;2037;27;;;2035.0;98.1640625
1;44700;SQUID_INK;1849;27;;;;;1851;6;1852;2;1853;25;1850.0;-2723.484375
1;44700;RAINFOREST_RESIN;9996;2;9995;25;;;10004;2;10005;25;;;10000.0;426.0
1;44800;RAINFOREST_RESIN;9995;25;;;;;10005;25;;;;;10000.0;426.0
1;44800;KELP;2034;25;;;;;2036;3;2037;25;;;2035.0;98.9921875
1;44800;SQUID_INK;1849;25;;;;;1851;3;1852;25;;;1850.0;-2724.546875
1;44900;KELP;2034;23;;;;;2037;23;;;;;2035.5;98.046875
1;44900;SQUID_INK;1849;23;;;;;1852;23;;;;;1850.5;-2753.71875
1;44900;RAINFOREST_RESIN;9996;2;9995;21;;;10004;2;10005;21;;;10000.0;426.0
1;45000;SQUID_INK;1847;27;;;;;1850;28;;;;;1848.5;-2831.3046875
1;45000;RAINFOREST_RESIN;9996;1;9995;27;;;10004;1;10005;27;;;10000.0;426.0
1;45000;KELP;2034;27;;;;;2037;28;;;;;2035.5;100.5625
1;45100;KELP;2034;27;;;;;2037;27;;;;;2035.5;98.8203125
1;45100;SQUID_INK;1848;27;;;;;1851;27;;;;;1849.5;-2780.625
1;45100;RAINFOREST_RESIN;9995;27;;;;;9998;1;10005;27;;;9996.5;426.0
1;45200;RAINFOREST_RESIN;10002;1;9996;1;9995;20;10004;1;10005;20;;;10003.0;428.0
1;45200;KELP;2034;20;;;;;2037;21;;;;;2035.5;96.7734375
1;45200;SQUID_INK;1848;20;;;;;1851;21;;;;;1849.5;-2795.40625
1;45300;SQUID_INK;1848;22;;;;;1851;23;;;;;1849.5;-2794.3359375
1;45300;KELP;2034;22;;;;;2037;23;;;;;2035.5;97.1640625
1;45300;RAINFOREST_RESIN;9995;23;;;;;10005;23;;;;;10000.0;430.0
1;45400;SQUID_INK;1846;25;;;;;1849;25;;;;;1847.5;-2894.109375
1;45400;RAINFOREST_RESIN;9998;4;9995;25;;;10005;25;;;;;10001.5;430.0
1;45400;KELP;2033;25;;;;;2037;25;;;;;2035.0;87.9921875
1;45500;SQUID_INK;1846;21;;;;;1847;3;1849;21;;;1846.5;-2884.828125
1;45500;KELP;2033;20;;;;;2034;2;2037;21;;;2033.5;87.5625
1;45500;RAINFOREST_RESIN;9996;1;9995;20;;;9998;3;10004;1;10005;20;9997.0;430.0
1;45600;RAINFOREST_RESIN;9996;1;9995;23;;;10004;1;10005;23;;;10000.0;436.0
1;45600;KELP;2034;1;2033;23;;;2035;6;2037;24;;;2034.5;90.7265625
1;45600;SQUID_INK;1847;24;;;;;1849;6;1850;24;;;1848.0;-2825.8671875
1;45700;SQUID_INK;1847;23;;;;;1850;23;;;;;1848.5;-2834.6171875
1;45700;KELP;2034;2;2033;21;;;2037;23;;;;;2035.5;93.3125
1;45700;RAINFOREST_RESIN;10002;1;9996;2;9995;21;10004;2;10005;21;;;10003.0;436.0
1;45800;SQUID_INK;1848;5;1847;2;1846;30;1850;32;;;;;1849.0;-2862.578125
1;45800;RAINFOREST_RESIN;10000;5;9998;7;9996;2;10004;2;10005;30;;;10002.0;438.0
1;45800;KELP;2035;5;2033;32;;;2037;32;;;;;2036.0;88.1015625
1;45900;SQUID_INK;1847;25;;;;;1851;26;;;;;1849.0;-2820.3984375
1;45900;KELP;2033;25;;;;;2037;26;;;;;2035.0;84.15625
1;45900;RAINFOREST_RESIN;9998;8;9996;1;9995;25;10004;1;10005;25;;;10001.0;438.0
1;46000;RAINFOREST_RESIN;9995;23;;;;;9998;1;10005;23;;;9996.5;438.0
1;46000;KELP;2033;23;;;;;2037;23;;;;;2035.0;84.7734375
1;46000;SQUID_INK;1848;23;;;;;1851;23;;;;;1849.5;-2787.78125
1;46100;SQUID_INK;1849;29;;;;;1852;25;;;;;1850.5;-2767.5
1;46100;KELP;2034;4;2033;25;;;2037;25;;;;;2035.5;82.0859375
1;46100;RAINFOREST_RESIN;9995;25;;;;;10005;25;;;;;10000.0;440.0
1;46200;SQUID_INK;1849;28;;;;;1852;24;;;;;1850.5;-2768.9765625
1;46200;RAINFOREST_RESIN;9995;24;;;;;10005;24;;;;;10000.0;440.0
1;46200;KELP;2034;4;2033;24;;;2037;24;;;;;2035.5;79.671875
1;46300;SQUID_INK;1848;28;;;;;1851;28;;;;;1849.5;-2807.484375
1;46300;RAINFOREST_RESIN;9996;2;9995;26;;;10004;2;10005;26;;;10000.0;440.0
1;46300;KELP;2033;28;;;;;2037;28;;;;;2035.0;79.609375
1;46400;RAINFOREST_RESIN;9995;24;;;;;10005;24;;;;;10000.0;440.0
1;46400;KELP;2035;1;2033;24;;;2037;24;;;;;2036.0;76.9296875
1;46400;SQUID_INK;1849;1;1847;24;;;1851;24;;;;;1850.0;-2824.7890625
1;46500;KELP;2035;2;2033;30;;;2036;1;2037;29;;;2035.5;76.171875
1;46500;SQUID_INK;1847;2;1845;30;;;1848;30;;;;;1847.5;-2928.0703125
1;46500;RAINFOREST_RESIN;9996;1;9995;29;;;9998;1;10004;1;10005;29;9997.0;440.0
1;46600;KELP;2035;1;2034;4;2033;28;2037;28;;;;;2036.0;77.28125
1;46600;SQUID_INK;1848;1;1847;4;1846;28;1850;28;;;;;1849.0;-2867.75
1;46600;RAINFOREST_RESIN;9998;1;9995;28;;;10005;28;;;;;10001.5;442.0
1;46700;SQUID_INK;1844;30;;;;;1847;30;;;;;1845.5;-3010.59375
1;46700;RAINFOREST_RESIN;9996;1;9995;29;;;10004;1;10005;29;;;10000.0;442.0
1;46700;KELP;2033;30;;;;;2036;30;;;;;2034.5;75.359375
1;46800;RAINFOREST_RESIN;9995;25;;;;;10005;25;;;;;10000.0;442.0
1;46800;KELP;2033;25;;;;;2036;25;;;;;2034.5;73.8359375
1;46800;SQUID_INK;1847;25;;;;;1850;25;;;;;1848.5;-2840.0859375
1;46900;KELP;2033;20;;;;;2036;30;;;;;2034.5;72.6640625
1;46900;SQUID_INK;1846;30;;;;;1847;10;1850;30;;;1846.5;-2868.75
1;46900;RAINFOREST_RESIN;9996;1;9995;29;;;10002;3;10004;1;10005;29;9999.0;442.0
1;47000;KELP;2033;23;;;;;2036;1;2037;22;;;2034.5;76.5
1;47000;SQUID_INK;1843;23;;;;;1846;1;1847;22;;;1844.5;-3019.3125
1;47000;RAINFOREST_RESIN;9996;1;9995;22;;;10004;1;10005;22;;;10000.0;442.0
1;47100;SQUID_INK;1843;22;;;;;1846;22;;;;;1844.5;-3052.2265625
1;47100;RAINFOREST_RESIN;9995;22;;;;;9998;1;10005;22;;;9996.5;442.0
1;47100;KELP;2033;22;;;;;2036;22;;;;;2034.5;69.875
1;47200;RAINFOREST_RESIN;9996;2;9995;21;;;10004;2;10005;21;;;10000.0;444.0
1;47200;KELP;2035;1;2033;23;;;2036;23;;;;;2035.5;71.4453125
1;47200;SQUID_INK;1848;1;1846;23;;;1849;23;;;;;1848.5;-2877.6640625
1;47300;KELP;2033;26;;;;;2036;21;;;;;2034.5;72.9140625
1;47300;SQUID_INK;1846;5;1845;21;;;1849;21;;;;;1847.5;-2918.1171875
1;47300;RAINFOREST_RESIN;9995;21;;;;;10005;21;;;;;10000.0;444.0
1;47400;KELP;2035;5;2033;22;;;2037;22;;;;;2036.0;75.90625
1;47400;SQUID_INK;1847;5;1845;22;;;1849;22;;;;;1848.0;-2918.1171875
1;47400;RAINFOREST_RESIN;9998;7;9995;22;;;10005;22;;;;;10001.5;444.0
1;47500;SQUID_INK;1846;22;;;;;1848;5;1849;22;;;1847.0;-2893.875
1;47500;RAINFOREST_RESIN;9996;1;9995;21;;;9998;1;10004;1;10005;21;9997.0;444.0
1;47500;KELP;2033;22;;;;;2035;5;2036;22;;;2034.0;74.4140625
1;47600;RAINFOREST_RESIN;9998;5;9995;21;;;10005;21;;;;;10001.5;446.0
1;47600;KELP;2033;21;;;;;2036;21;;;;;2034.5;75.5859375
1;47600;SQUID_INK;1846;21;;;;;1849;21;;;;;1847.5;-2910.75
1;47700;KELP;2033;23;;;;;2035;4;2036;23;;;2034.0;73.71875
1;47700;SQUID_INK;1845;23;;;;;1847;4;1849;23;;;1846.0;-2918.234375
1;47700;RAINFOREST_RESIN;9998;1;9995;23;;;10005;23;;;;;10001.5;446.0
1;47800;KELP;2033;20;;;;;2035;7;2036;20;;;2034.0;73.3203125
1;47800;SQUID_INK;1845;20;;;;;1847;7;1848;20;;;1846.0;-2939.9921875
1;47800;RAINFOREST_RESIN;9995;20;;;;;10005;20;;;;;10000.0;446.0
1;47900;SQUID_INK;1845;23;;;;;1848;23;;;;;1846.5;-2923.5078125
1;47900;RAINFOREST_RESIN;9995;23;;;;;10005;23;;;;;10000.0;446.0
1;47900;KELP;2033;23;;;;;2036;23;;;;;2034.5;73.3203125
1;48000;RAINFOREST_RESIN;10002;2;9996;1;9995;26;10004;1;10005;26;;;10003.0;446.0
1;48000;KELP;2033;27;;;;;2036;27;;;;;2034.5;71.4453125
1;48000;SQUID_INK;1845;1;1844;26;;;1848;27;;;;;1846.5;-2962.1484375
1;48100;KELP;2033;30;;;;;2035;1;2037;30;;;2034.0;80.453125
1;48100;SQUID_INK;1844;30;;;;;1845;1;1847;30;;;1844.5;-3001.6875
1;48100;RAINFOREST_RESIN;9996;1;9995;29;;;10004;1;10005;29;;;10000.0;450.0
1;48200;KELP;2033;28;;;;;2036;27;;;;;2034.5;68.0859375
1;48200;SQUID_INK;1842;28;;;;;1845;27;;;;;1843.5;-3081.0390625
1;48200;RAINFOREST_RESIN;9996;1;9995;26;;;10004;1;10005;26;;;10000.0;450.0
1;48300;SQUID_INK;1839;17;;;;;1842;21;;;;;1840.5;-3253.4296875
1;48300;RAINFOREST_RESIN;9998;4;9996;1;9995;20;10004;1;10005;20;;;10001.0;450.0
1;48300;KELP;2033;21;;;;;2034;4;2036;21;;;2033.5;69.9609375
1;48400;RAINFOREST_RESIN;9996;2;9995;30;;;10004;2;10005;30;;;10000.0;450.0
1;48400;KELP;2033;32;;;;;2035;6;2036;32;;;2034.0;72.015625
1;48400;SQUID_INK;1838;32;;;;;1840;6;1841;32;;;1839.0;-3274.2109375
1;48500;KELP;2033;29;;;;;2036;29;;;;;2034.5;69.53125
1;48500;RAINFOREST_RESIN;9995;29;;;;;10005;29;;;;;10000.0;450.0
1;48500;SQUID_INK;1838;29;;;;;1841;29;;;;;1839.5;-3295.453125
1;48600;KELP;2033;27;;;;;2036;27;;;;;2034.5;74.9453125
1;48600;SQUID_INK;1839;1;1838;26;;;1842;27;;;;;1840.5;-3261.8203125
1;48600;RAINFOREST_RESIN;9996;1;9995;26;;;10004;1;10005;26;;;10000.0;450.0
1;48700;RAINFOREST_RESIN;9996;1;9995;22;;;10000;2;10004;1;10005;22;9998.0;450.0
1;48700;SQUID_INK;1840;23;;;;;1841;2;1843;23;;;1840.5;-3193.203125
1;48700;KELP;2033;23;;;;;2034;2;2036;23;;;2033.5;70.796875
1;48800;RAINFOREST_RESIN;9996;1;9995;28;;;10004;1;10005;28;;;10000.0;450.0
1;48800;KELP;2033;29;;;;;2036;29;;;;;2034.5;75.3828125
1;48800;SQUID_INK;1839;29;;;;;1842;29;;;;;1840.5;-3242.390625
1;48900;KELP;2033;21;;;;;2036;22;;;;;2034.5;74.953125
1;48900;RAINFOREST_RESIN;9995;22;;;;;10005;22;;;;;10000.0;450.0
1;48900;SQUID_INK;1839;22;;;;;1840;1;1843;22;;;1839.5;-3213.6796875
1;49000;KELP;2033;29;;;;;2036;1;2037;28;;;2034.5;79.484375
1;49000;SQUID_INK;1838;29;;;;;1841;29;;;;;1839.5;-3300.9609375
1;49000;RAINFOREST_RESIN;9996;1;9995;28;;;10004;1;10005;28;;;10000.0;450.0
1;49100;RAINFOREST_RESIN;9995;30;;;;;10005;30;;;;;10000.0;450.0
1;49100;SQUID_INK;1834;30;;;;;1837;30;;;;;1835.5;-3500.8203125
1;49100;KELP;2033;30;;;;;2037;30;;;;;2035.0;86.6015625
1;49200;RAINFOREST_RESIN;10002;3;9996;1;9995;25;10004;1;10005;25;;;10003.0;450.0
1;49200;KELP;2034;1;2033;25;;;2037;26;;;;;2035.5;93.34375
1;49200;SQUID_INK;1833;26;;;;;1836;26;;;;;1834.5;-3526.6640625
1;49300;KELP;2034;6;2033;29;;;2037;29;;;;;2035.5;95.3984375
1;49300;RAINFOREST_RESIN;9998;3;9995;29;;;10005;29;;;;;10001.5;456.0
1;49300;SQUID_INK;1834;35;;;;;1837;29;;;;;1835.5;-3503.875
1;49400;KELP;2034;23;;;;;2037;23;;;;;2035.5;97.4765625
1;49400;SQUID_INK;1833;1;1832;22;;;1836;23;;;;;1834.5;-3562.515625
1;49400;RAINFOREST_RESIN;9996;1;9995;22;;;10004;1;10005;22;;;10000.0;456.0
1;49500;RAINFOREST_RESIN;9996;1;9995;24;;;10004;1;10005;24;;;10000.0;456.0
1;49500;SQUID_INK;1833;25;;;;;1836;25;;;;;1834.5;-3518.4453125
1;49500;KELP;2034;25;;;;;2037;25;;;;;2035.5;104.078125
1;49600;RAINFOREST_RESIN;9996;2;9995;28;;;10000;3;10002;9;10004;2;9998.0;456.0
1;49600;SQUID_INK;1831;30;;;;;1832;3;1834;30;;;1831.5;-3651.9765625
1;49600;KELP;2034;2;2033;28;;;2035;3;2037;30;;;2034.5;95.7421875
1;49700;KELP;2036;1;2034;27;;;2037;21;;;;;2036.5;100.3125
1;49700;RAINFOREST_RESIN;9995;21;;;;;10005;21;;;;;10000.0;456.0
1;49700;SQUID_INK;1832;1;1830;27;;;1833;21;;;;;1832.5;-3687.2890625
1;49800;SQUID_INK;1832;19;;;;;1835;20;;;;;1833.5;-3582.09375
1;49800;KELP;2034;19;;;;;2037;20;;;;;2035.5;101.921875
1;49800;RAINFOREST_RESIN;9995;20;;;;;10002;7;10005;20;;;9998.5;456.0
1;49900;RAINFOREST_RESIN;9996;1;9995;23;;;10004;1;10005;23;;;10000.0;456.0
1;49900;SQUID_INK;1833;5;1832;24;;;1835;24;;;;;1834.0;-3573.359375
1;49900;KELP;2034;29;;;;;2037;24;;;;;2035.5;103.6328125
1;50000;RAINFOREST_RESIN;9996;2;9995;24;;;10002;5;10004;2;10005;24;9999.0;456.0
1;50000;SQUID_INK;1830;26;;;;;1834;26;;;;;1832.0;-3662.7890625
1;50000;KELP;2034;26;;;;;2037;26;;;;;2035.5;103.2109375
1;50100;KELP;2034;24;;;;;2037;24;;;;;2035.5;101.0703125
1;50100;RAINFOREST_RESIN;10002;4;9996;2;9995;22;10004;2;10005;22;;;10003.0;456.0
1;50100;SQUID_INK;1832;24;;;;;1835;24;;;;;1833.5;-3606.28125
1;50200;SQUID_INK;1832;29;;;;;1835;29;;;;;1833.5;-3603.171875
1;50200;KELP;2034;29;;;;;2037;29;;;;;2035.5;101.9375
1;50200;RAINFOREST_RESIN;9996;1;9995;28;;;10004;1;10005;28;;;10000.0;464.0
1;50300;RAINFOREST_RESIN;9995;23;;;;;10005;23;;;;;10000.0;464.0
1;50300;SQUID_INK;1832;23;;;;;1833;4;1835;23;;;1832.5;-3607.2890625
1;50300;KELP;2034;23;;;;;2036;4;2037;23;;;2035.0;103.6328125
1;50400;RAINFOREST_RESIN;9996;2;9995;21;;;10004;2;10005;21;;;10000.0;464.0
1;50400;SQUID_INK;1831;22;;;;;1834;23;;;;;1832.5;-3636.0234375
1;50400;KELP;2034;22;;;;;2037;23;;;;;2035.5;102.2890625
1;50500;KELP;2035;4;2034;28;;;2037;28;;;;;2036.0;104.484375
1;50500;RAINFOREST_RESIN;10000;4;9998;7;9996;1;10004;1;10005;27;;;10002.0;464.0
1;50500;SQUID_INK;1832;4;1831;28;;;1834;28;;;;;1833.0;-3640.4765625
1;50600;SQUID_INK;1831;24;;;;;1832;4;1834;24;;;1831.5;-3650.21875
1;50600;KELP;2034;24;;;;;2035;4;2037;24;;;2034.5;104.9296875
1;50600;RAINFOREST_RESIN;9998;7;9996;2;9995;22;10000;5;10004;2;10005;22;9999.0;464.0
1;50700;RAINFOREST_RESIN;9998;9;9995;20;;;10005;20;;;;;10001.5;464.0
1;50700;SQUID_INK;1829;20;;;;;1833;20;;;;;1831.0;-3714.2578125
1;50700;KELP;2034;20;;;;;2037;20;;;;;2035.5;110.2265625
1;50800;RAINFOREST_RESIN;9998;7;9996;2;9995;26;10004;2;10005;26;;;10001.0;464.0
1;50800;SQUID_INK;1830;28;;;;;1833;28;;;;;1831.5;-3688.3515625
1;50800;KELP;2034;28;;;;;2037;28;;;;;2035.5;103.609375
1;50900;KELP;2034;29;;;;;2035;5;2037;30;;;2034.5;102.640625
1;50900;RAINFOREST_RESIN;9998;2;9995;30;;;10000;5;10005;30;;;9999.0;464.0
1;50900;SQUID_INK;1831;29;;;;;1832;5;1834;30;;;1831.5;-3656.96875
1;51000;SQUID_INK;1831;2;1830;23;;;1834;25;;;;;1832.5;-3659.1953125
